Region,Country,Item Type,Sales Channel,Order Priority,Order Date,Order ID,Ship Date,Units Sold,Unit Price,Unit Cost,Total Revenue,Total Cost,Total Profit
North America,United States of America,Personal Care,Online,M,11/19/2012,151501309,11/24/2012,1459,81.73,56.67,119244.07,82681.53,36562.54
Asia,Vietnam,Household,Online,C,4/27/2010,723319518,6/9/2010,5174,668.27,502.54,3457628.98,2600141.96,857487.02
Sub-Saharan Africa,Malawi,Meat,Offline,C,9/25/2014,396414887,10/9/2014,6829,421.89,364.69,2881086.81,2490468.01,390618.8
Europe,Liechtenstein,Cereal,Online,L,2/23/2011,461461246,3/26/2011,5492,205.7,117.11,1129704.4,643168.12,486536.28
Sub-Saharan Africa,Cote d'Ivoire,Vegetables,Online,C,12/7/2015,929444921,12/22/2015,2261,154.06,90.93,348329.66,205592.73,142736.93
Australia and Oceania,Nauru,Fruits,Online,H,6/17/2012,981664741,7/16/2012,5266,9.33,6.92,49131.78,36440.72,12691.06
Asia,Turkmenistan,Personal Care,Online,L,6/13/2015,319732034,7/31/2015,4669,81.73,56.67,381597.37,264592.23,117005.14
Sub-Saharan Africa,Democratic Republic of the Congo,Cereal,Online,M,3/5/2014,515570628,4/7/2014,7661,205.7,117.11,1575867.7,897179.71,678687.99
Asia,Laos,Vegetables,Online,C,2/18/2014,961416852,3/1/2014,3466,154.06,90.93,533971.96,315163.38,218808.58
Sub-Saharan Africa,Swaziland,Baby Food,Online,L,7/9/2010,219819533,8/27/2010,8340,255.28,159.42,2129035.2,1329562.8,799472.4
Sub-Saharan Africa,Mozambique,Meat,Online,M,9/28/2014,973640000,10/19/2014,567,421.89,364.69,239211.63,206779.23,32432.4
Sub-Saharan Africa,South Sudan,Vegetables,Online,M,10/7/2012,576052081,11/22/2012,5467,154.06,90.93,842246.02,497114.31,345131.71
Australia and Oceania,New Zealand,Household,Online,L,5/7/2014,500542104,5/9/2014,387,668.27,502.54,258620.49,194482.98,64137.51
Europe,Greece,Cereal,Online,M,5/13/2011,490908896,5/20/2011,9706,205.7,117.11,1996524.2,1136669.66,859854.54
Europe,Albania,Office Supplies,Offline,M,11/29/2011,811263787,1/12/2012,9838,651.21,524.96,6406603.98,5164556.48,1242047.5
Europe,Albania,Baby Food,Offline,L,10/15/2013,896030604,11/13/2013,4222,255.28,159.42,1077792.16,673071.24,404720.92
Sub-Saharan Africa,Mauritius ,Clothes,Offline,C,11/11/2015,699945676,12/27/2015,8335,109.28,35.84,910848.8,298726.4,612122.4
Sub-Saharan Africa,Guinea-Bissau,Household,Online,M,4/11/2014,248057830,4/26/2014,4679,668.27,502.54,3126835.33,2351384.66,775450.67
Sub-Saharan Africa,Tanzania,Personal Care,Online,L,10/23/2013,985728394,11/14/2013,7792,81.73,56.67,636840.16,441572.64,195267.52
Europe,Bulgaria,Office Supplies,Offline,M,7/11/2016,828631198,8/19/2016,9240,651.21,524.96,6017180.4,4850630.4,1166550
Asia,North Korea,Household,Online,H,5/26/2010,912752568,7/15/2010,2623,668.27,502.54,1752872.21,1318162.42,434709.79
North America,Greenland,Cereal,Online,C,12/24/2010,644391334,1/22/2011,8570,205.7,117.11,1762849,1003632.7,759216.3
Asia,Myanmar,Fruits,Offline,H,3/1/2012,850158822,3/16/2012,9743,9.33,6.92,90902.19,67421.56,23480.63
Europe,Latvia,Household,Offline,M,9/12/2012,626978862,10/15/2012,5833,668.27,502.54,3898018.91,2931315.82,966703.09
Asia,South Korea,Personal Care,Online,C,5/23/2012,492087781,6/13/2012,8565,81.73,56.67,700017.45,485378.55,214638.9
Asia,South Korea,Personal Care,Online,C,11/29/2015,133034408,12/5/2015,6692,81.73,56.67,546937.16,379235.64,167701.52
Middle East and North Africa,United Arab Emirates,Personal Care,Online,C,11/1/2013,657680070,12/1/2013,1003,81.73,56.67,81975.19,56840.01,25135.18
Australia and Oceania,Marshall Islands,Cereal,Online,C,9/28/2016,544198596,10/18/2016,9313,205.7,117.11,1915684.1,1090645.43,825038.67
Middle East and North Africa,Tunisia ,Beverages,Online,L,7/23/2013,591076314,8/11/2013,1471,47.45,31.79,69798.95,46763.09,23035.86
Sub-Saharan Africa,Djibouti,Fruits,Online,H,3/18/2013,767112052,3/24/2013,4358,9.33,6.92,40660.14,30157.36,10502.78
Sub-Saharan Africa,Mozambique,Beverages,Offline,H,7/15/2010,661417138,8/9/2010,6884,47.45,31.79,326645.8,218842.36,107803.44
Europe,Georgia,Snacks,Online,L,10/19/2012,833415400,10/27/2012,4992,152.58,97.44,761679.36,486420.48,275258.88
Asia,Indonesia,Clothes,Offline,H,3/10/2013,562843167,3/10/2013,6656,109.28,35.84,727367.68,238551.04,488816.64
Australia and Oceania,Samoa ,Vegetables,Offline,C,4/25/2017,999749267,5/30/2017,6879,154.06,90.93,1059778.74,625507.47,434271.27
Middle East and North Africa,Iraq,Fruits,Offline,M,9/14/2016,214495027,9/21/2016,2700,9.33,6.92,25191,18684,6507
Asia,India,Cosmetics,Offline,C,4/23/2015,847754275,4/27/2015,8184,437.2,263.33,3578044.8,2155092.72,1422952.08
Sub-Saharan Africa,Mauritania,Fruits,Online,M,7/29/2010,660513341,8/21/2010,9431,9.33,6.92,87991.23,65262.52,22728.71
Middle East and North Africa,Jordan,Cosmetics,Offline,C,5/15/2012,184071052,5/15/2012,9569,437.2,263.33,4183566.8,2519804.77,1663762.03
Sub-Saharan Africa,Djibouti,Baby Food,Online,H,6/26/2016,470038735,8/1/2016,3762,255.28,159.42,960363.36,599738.04,360625.32
Europe,Italy,Fruits,Online,C,12/26/2015,840340220,1/11/2016,4200,9.33,6.92,39186,29064,10122
Australia and Oceania,Tuvalu,Clothes,Online,L,7/29/2012,237211835,9/13/2012,5108,109.28,35.84,558202.24,183070.72,375131.52
Sub-Saharan Africa,Lesotho,Snacks,Online,L,10/23/2012,373202407,11/3/2012,7740,152.58,97.44,1180969.2,754185.6,426783.6
Sub-Saharan Africa,Tanzania,Vegetables,Offline,M,9/28/2016,781173264,10/14/2016,5383,154.06,90.93,829304.98,489476.19,339828.79
Sub-Saharan Africa,Mozambique,Vegetables,Offline,H,2/13/2014,164298236,2/15/2014,8354,154.06,90.93,1287017.24,759629.22,527388.02
Australia and Oceania,Tonga,Office Supplies,Offline,L,11/28/2010,446063649,12/23/2010,9001,651.21,524.96,5861541.21,4725164.96,1136376.25
Middle East and North Africa,Egypt,Household,Offline,C,5/10/2010,920268332,6/4/2010,6705,668.27,502.54,4480750.35,3369530.7,1111219.65
Asia,Laos,Office Supplies,Offline,C,10/5/2016,501023614,10/13/2016,2876,651.21,524.96,1872879.96,1509784.96,363095
Sub-Saharan Africa,Ethiopia,Personal Care,Online,H,7/29/2016,872753322,8/19/2016,5957,81.73,56.67,486865.61,337583.19,149282.42
Middle East and North Africa,Jordan,Meat,Online,C,6/10/2012,640193784,6/29/2012,6422,421.89,364.69,2709377.58,2342039.18,367338.4
Sub-Saharan Africa,Eritrea,Clothes,Online,C,11/12/2011,278393828,12/31/2011,1775,109.28,35.84,193972,63616,130356
Central America and the Caribbean,Trinidad and Tobago,Personal Care,Online,H,11/3/2015,782714784,11/22/2015,1553,81.73,56.67,126926.69,88008.51,38918.18
Central America and the Caribbean,Belize,Vegetables,Online,L,1/25/2015,518830478,2/22/2015,2323,154.06,90.93,357881.38,211230.39,146650.99
Asia,Brunei,Cosmetics,Offline,C,6/16/2016,172727239,7/22/2016,2683,437.2,263.33,1173007.6,706514.39,466493.21
Sub-Saharan Africa,Zambia,Office Supplies,Offline,H,8/18/2016,500703895,9/29/2016,8264,651.21,524.96,5381599.44,4338269.44,1043330
Asia,Malaysia,Beverages,Offline,L,4/6/2013,979371774,4/13/2013,6727,47.45,31.79,319196.15,213851.33,105344.82
Sub-Saharan Africa,Cape Verde,Clothes,Online,L,6/17/2016,255654704,7/20/2016,2763,109.28,35.84,301940.64,99025.92,202914.72
Sub-Saharan Africa,South Africa,Clothes,Online,C,9/6/2014,196789014,10/10/2014,3097,109.28,35.84,338440.16,110996.48,227443.68
Asia,Myanmar,Snacks,Offline,M,5/14/2016,940323531,5/24/2016,1484,152.58,97.44,226428.72,144600.96,81827.76
Sub-Saharan Africa,Republic of the Congo,Household,Online,L,11/22/2015,444119584,12/21/2015,3709,668.27,502.54,2478613.43,1863920.86,614692.57
Europe,United Kingdom,Baby Food,Offline,L,6/22/2012,336351001,8/5/2012,2590,255.28,159.42,661175.2,412897.8,248277.4
Middle East and North Africa,Azerbaijan,Vegetables,Online,C,12/20/2013,965504109,1/9/2014,2976,154.06,90.93,458482.56,270607.68,187874.88
Sub-Saharan Africa,Botswana,Fruits,Offline,H,5/15/2010,950377738,5/28/2010,6747,9.33,6.92,62949.51,46689.24,16260.27
Australia and Oceania,Vanuatu,Cereal,Online,H,6/13/2015,330083215,7/27/2015,7813,205.7,117.11,1607134.1,914980.43,692153.67
Europe,Portugal,Vegetables,Online,C,7/16/2017,114044368,8/1/2017,7118,154.06,90.93,1096599.08,647239.74,449359.34
Europe,Austria,Cosmetics,Online,H,8/12/2013,931997525,8/13/2013,7634,437.2,263.33,3337584.8,2010261.22,1327323.58
Asia,Malaysia,Snacks,Offline,L,1/25/2013,783991515,2/2/2013,9366,152.58,97.44,1429064.28,912623.04,516441.24
Europe,Cyprus,Office Supplies,Online,M,3/21/2011,890387666,3/29/2011,4352,651.21,524.96,2834065.92,2284625.92,549440
Australia and Oceania,East Timor,Baby Food,Offline,H,10/21/2015,741859805,10/31/2015,1657,255.28,159.42,422998.96,264158.94,158840.02
Sub-Saharan Africa,Angola,Meat,Offline,M,11/27/2012,349394261,1/4/2013,2381,421.89,364.69,1004520.09,868326.89,136193.2
Sub-Saharan Africa,Central African Republic,Snacks,Online,L,3/8/2016,694289863,3/11/2016,4654,152.58,97.44,710107.32,453485.76,256621.56
Asia,Philippines,Snacks,Offline,H,1/25/2010,578157937,2/25/2010,8636,152.58,97.44,1317680.88,841491.84,476189.04
Europe,Croatia,Cosmetics,Offline,H,2/16/2014,672922313,3/21/2014,1521,437.2,263.33,664981.2,400524.93,264456.27
Sub-Saharan Africa,Cameroon,Meat,Offline,L,2/19/2011,370819318,3/28/2011,2531,421.89,364.69,1067803.59,923030.39,144773.2
Australia and Oceania,Nauru,Meat,Offline,L,6/8/2011,934397780,6/13/2011,7922,421.89,364.69,3342212.58,2889074.18,453138.4
Sub-Saharan Africa,Djibouti,Meat,Online,L,4/15/2011,546519029,5/4/2011,5980,421.89,364.69,2522902.2,2180846.2,342056
Asia,Indonesia,Cereal,Offline,C,10/21/2011,160356891,12/2/2011,2022,205.7,117.11,415925.4,236796.42,179128.98
Sub-Saharan Africa,Guinea-Bissau,Meat,Offline,H,3/2/2015,349397695,3/6/2015,3397,421.89,364.69,1433160.33,1238851.93,194308.4
Middle East and North Africa,Somalia,Baby Food,Online,M,4/2/2013,857440268,4/25/2013,4485,255.28,159.42,1144930.8,714998.7,429932.1
Central America and the Caribbean,Jamaica,Clothes,Offline,C,2/28/2014,148595941,3/31/2014,1696,109.28,35.84,185338.88,60784.64,124554.24
Europe,Slovenia,Baby Food,Offline,M,9/11/2015,357288539,10/26/2015,8473,255.28,159.42,2162987.44,1350765.66,812221.78
Europe,Czech Republic,Personal Care,Offline,C,9/16/2016,538254392,11/5/2016,291,81.73,56.67,23783.43,16490.97,7292.46
Australia and Oceania,Papua New Guinea,Personal Care,Online,C,5/10/2013,716542327,5/24/2013,9653,81.73,56.67,788939.69,547035.51,241904.18
Middle East and North Africa,Iraq,Snacks,Online,L,5/31/2010,537513673,6/24/2010,1095,152.58,97.44,167075.1,106696.8,60378.3
Asia,Philippines,Cereal,Online,L,7/7/2017,616842257,7/7/2017,6186,205.7,117.11,1272460.2,724442.46,548017.74
Sub-Saharan Africa,Ethiopia,Cereal,Offline,C,1/24/2015,290514409,2/23/2015,8524,205.7,117.11,1753386.8,998245.64,755141.16
North America,United States of America,Meat,Online,M,1/14/2011,764828956,2/19/2011,8739,421.89,364.69,3686896.71,3187025.91,499870.8
Sub-Saharan Africa,Mauritius ,Snacks,Online,H,6/23/2014,166397225,6/28/2014,9492,152.58,97.44,1448289.36,924900.48,523388.88
Middle East and North Africa,Tunisia ,Personal Care,Offline,C,7/22/2016,292143046,8/6/2016,474,81.73,56.67,38740.02,26861.58,11878.44
Europe,Netherlands,Cosmetics,Offline,H,1/31/2017,759302747,2/3/2017,3411,437.2,263.33,1491289.2,898218.63,593070.57
Europe,Ireland,Beverages,Online,L,2/26/2013,355425155,4/14/2013,7056,47.45,31.79,334807.2,224310.24,110496.96
Australia and Oceania,Fiji,Baby Food,Online,L,6/30/2010,188371598,8/4/2010,2197,255.28,159.42,560850.16,350245.74,210604.42
Europe,Greece,Household,Online,H,2/10/2012,536315906,3/30/2012,6649,668.27,502.54,4443327.23,3341388.46,1101938.77
Sub-Saharan Africa,Namibia,Baby Food,Online,L,6/30/2014,397744405,7/28/2014,263,255.28,159.42,67138.64,41927.46,25211.18
Sub-Saharan Africa,South Sudan,Baby Food,Offline,C,6/8/2011,641455924,6/11/2011,9917,255.28,159.42,2531611.76,1580968.14,950643.62
Australia and Oceania,Kiribati,Personal Care,Offline,L,11/27/2012,856561791,12/16/2012,4524,81.73,56.67,369746.52,256375.08,113371.44
Sub-Saharan Africa,Nigeria,Household,Offline,H,1/14/2011,702485835,1/20/2011,24,668.27,502.54,16038.48,12060.96,3977.52
Europe,Bosnia and Herzegovina,Snacks,Online,M,2/26/2014,358964383,3/8/2014,4393,152.58,97.44,670283.94,428053.92,242230.02
Europe,Monaco,Cereal,Offline,H,9/22/2012,976046264,10/7/2012,2634,205.7,117.11,541813.8,308467.74,233346.06
Middle East and North Africa,Saudi Arabia,Snacks,Offline,L,6/4/2013,624092805,6/20/2013,1785,152.58,97.44,272355.3,173930.4,98424.9
Asia,Myanmar,Household,Online,H,8/17/2012,143777835,10/5/2012,5911,668.27,502.54,3950143.97,2970513.94,979630.03
Europe,Albania,Baby Food,Online,L,5/11/2015,896087682,5/21/2015,1113,255.28,159.42,284126.64,177434.46,106692.18
Europe,Romania,Vegetables,Online,H,5/1/2016,712321174,6/9/2016,519,154.06,90.93,79957.14,47192.67,32764.47
Middle East and North Africa,Qatar,Snacks,Offline,L,5/6/2011,644089639,6/8/2011,9292,152.58,97.44,1417773.36,905412.48,512360.88
Europe,Switzerland,Beverages,Online,H,3/5/2016,913316905,4/5/2016,9623,47.45,31.79,456611.35,305915.17,150696.18
Middle East and North Africa,Afghanistan,Personal Care,Offline,H,5/21/2017,462239301,6/25/2017,5736,81.73,56.67,468803.28,325059.12,143744.16
Europe,Ireland,Baby Food,Offline,M,12/17/2013,103405654,1/19/2014,8886,255.28,159.42,2268418.08,1416606.12,851811.96
Europe,Denmark,Baby Food,Offline,M,7/10/2013,269677293,8/7/2013,2359,255.28,159.42,602205.52,376071.78,226133.74
Europe,Switzerland,Clothes,Online,M,5/23/2013,564228045,6/4/2013,6472,109.28,35.84,707260.16,231956.48,475303.68
Europe,Denmark,Snacks,Offline,H,12/19/2011,210544240,1/29/2012,3574,152.58,97.44,545320.92,348250.56,197070.36
Central America and the Caribbean,Cuba,Cosmetics,Online,L,6/25/2012,302424705,6/29/2012,3045,437.2,263.33,1331274,801839.85,529434.15
Australia and Oceania,Marshall Islands,Office Supplies,Offline,C,9/6/2011,653980767,9/15/2011,6297,651.21,524.96,4100669.37,3305673.12,794996.25
Europe,Sweden,Fruits,Online,M,2/22/2011,249636256,2/23/2011,1771,9.33,6.92,16523.43,12255.32,4268.11
Middle East and North Africa,Pakistan,Baby Food,Offline,M,7/11/2013,394127500,8/17/2013,9940,255.28,159.42,2537483.2,1584634.8,952848.4
Europe,Romania,Fruits,Offline,C,3/8/2011,662503325,3/19/2011,8311,9.33,6.92,77541.63,57512.12,20029.51
Europe,San Marino,Vegetables,Offline,L,9/5/2012,250125062,10/10/2012,6419,154.06,90.93,988911.14,583679.67,405231.47
Sub-Saharan Africa,Tanzania,Household,Online,L,4/17/2016,222666537,4/21/2016,831,668.27,502.54,555332.37,417610.74,137721.63
Middle East and North Africa,Syria,Fruits,Online,M,10/14/2013,366114079,11/13/2013,147,9.33,6.92,1371.51,1017.24,354.27
Europe,Poland,Office Supplies,Offline,M,12/3/2016,536766517,12/15/2016,9995,651.21,524.96,6508843.95,5246975.2,1261868.75
Europe,Denmark,Baby Food,Offline,H,10/24/2015,211235177,11/4/2015,8038,255.28,159.42,2051940.64,1281417.96,770522.68
Asia,Maldives,Fruits,Online,C,12/25/2012,736443889,1/24/2013,8967,9.33,6.92,83662.11,62051.64,21610.47
Sub-Saharan Africa,Liberia,Snacks,Offline,L,1/14/2012,379628980,2/13/2012,9506,152.58,97.44,1450425.48,926264.64,524160.84
Australia and Oceania,Marshall Islands,Clothes,Online,C,11/7/2013,178339278,11/21/2013,3410,109.28,35.84,372644.8,122214.4,250430.4
Australia and Oceania,Australia,Personal Care,Online,C,10/16/2012,790436112,12/4/2012,6466,81.73,56.67,528466.18,366428.22,162037.96
Europe,San Marino,Cosmetics,Online,M,8/26/2015,244093310,9/30/2015,1490,437.2,263.33,651428,392361.7,259066.3
Middle East and North Africa,Yemen,Baby Food,Online,L,2/21/2015,687797200,4/5/2015,3331,255.28,159.42,850337.68,531028.02,319309.66
Europe,France,Personal Care,Offline,L,5/26/2016,740346610,6/20/2016,3869,81.73,56.67,316213.37,219256.23,96957.14
Central America and the Caribbean,Saint Kitts and Nevis ,Vegetables,Online,L,6/26/2010,440852868,6/27/2010,7015,154.06,90.93,1080730.9,637873.95,442856.95
Europe,Serbia,Clothes,Online,H,1/5/2016,798739802,2/3/2016,3712,109.28,35.84,405647.36,133038.08,272609.28
Asia,Myanmar,Beverages,Online,H,10/26/2014,643743741,11/22/2014,6933,47.45,31.79,328970.85,220400.07,108570.78
Asia,Laos,Cosmetics,Offline,M,4/16/2016,675913512,4/19/2016,6683,437.2,263.33,2921807.6,1759834.39,1161973.21
Sub-Saharan Africa,Zambia,Meat,Offline,M,10/1/2015,315610444,11/1/2015,4999,421.89,364.69,2109028.11,1823085.31,285942.8
Europe,Ukraine,Cereal,Online,H,5/11/2013,853508365,5/29/2013,947,205.7,117.11,194797.9,110903.17,83894.73
Central America and the Caribbean,Trinidad and Tobago,Snacks,Offline,H,5/9/2010,500593602,6/18/2010,5626,152.58,97.44,858415.08,548197.44,310217.64
Europe,Sweden,Personal Care,Offline,L,10/23/2012,238164985,10/29/2012,7166,81.73,56.67,585677.18,406097.22,179579.96
Asia,Thailand,Fruits,Online,H,9/25/2012,667833840,11/7/2012,5729,9.33,6.92,53451.57,39644.68,13806.89
Australia and Oceania,Papua New Guinea,Meat,Offline,H,7/22/2014,661523997,8/2/2014,8506,421.89,364.69,3588596.34,3102053.14,486543.2
Europe,Iceland,Beverages,Online,C,3/8/2016,511471784,4/17/2016,4722,47.45,31.79,224058.9,150112.38,73946.52
Asia,Maldives,Fruits,Online,H,10/27/2012,580226027,12/8/2012,630,9.33,6.92,5877.9,4359.6,1518.3
Sub-Saharan Africa,Central African Republic,Clothes,Online,H,11/16/2015,850648057,12/31/2015,4518,109.28,35.84,493727.04,161925.12,331801.92
Middle East and North Africa,Turkey,Cereal,Offline,L,4/25/2011,475911700,5/11/2011,1703,205.7,117.11,350307.1,199438.33,150868.77
Central America and the Caribbean,Saint Vincent and the Grenadines,Office Supplies,Offline,M,6/15/2016,929503285,7/19/2016,9533,651.21,524.96,6207984.93,5004443.68,1203541.25
Middle East and North Africa,Iraq,Cosmetics,Offline,L,8/14/2015,155221641,8/31/2015,2388,437.2,263.33,1044033.6,628832.04,415201.56
Asia,Indonesia,Vegetables,Offline,M,11/20/2016,217178094,1/5/2017,6679,154.06,90.93,1028966.74,607321.47,421645.27
Sub-Saharan Africa,Kenya,Fruits,Offline,M,7/2/2010,549796473,8/11/2010,5849,9.33,6.92,54571.17,40475.08,14096.09
Sub-Saharan Africa,Tanzania,Household,Offline,M,6/17/2010,207813107,7/18/2010,5371,668.27,502.54,3589278.17,2699142.34,890135.83
Middle East and North Africa,Qatar,Clothes,Offline,L,11/28/2012,116276824,1/8/2013,7751,109.28,35.84,847029.28,277795.84,569233.44
North America,Greenland,Cosmetics,Online,C,1/24/2015,820548951,1/27/2015,7524,437.2,263.33,3289492.8,1981294.92,1308197.88
Australia and Oceania,Nauru,Baby Food,Offline,M,5/28/2011,236303317,7/8/2011,6258,255.28,159.42,1597542.24,997650.36,599891.88
Europe,Sweden,Household,Online,H,8/17/2012,399526250,9/24/2012,7551,668.27,502.54,5046106.77,3794679.54,1251427.23
Central America and the Caribbean,Jamaica,Cereal,Online,H,7/27/2011,716516578,8/16/2011,2033,205.7,117.11,418188.1,238084.63,180103.47
Central America and the Caribbean,Haiti,Meat,Online,L,4/6/2017,213885629,5/1/2017,2365,421.89,364.69,997769.85,862491.85,135278
Middle East and North Africa,Egypt,Household,Offline,C,4/25/2013,688557231,5/21/2013,8241,668.27,502.54,5507213.07,4141432.14,1365780.93
Sub-Saharan Africa,Togo,Snacks,Offline,L,9/6/2014,857767713,9/19/2014,1383,152.58,97.44,211018.14,134759.52,76258.62
Sub-Saharan Africa,Guinea-Bissau,Office Supplies,Offline,C,11/16/2010,409065902,11/30/2010,546,651.21,524.96,355560.66,286628.16,68932.5
Sub-Saharan Africa,Benin,Meat,Offline,M,3/16/2015,450313127,4/3/2015,6516,421.89,364.69,2749035.24,2376320.04,372715.2
Sub-Saharan Africa,Sao Tome and Principe,Meat,Offline,L,7/11/2015,359683215,7/15/2015,7111,421.89,364.69,3000059.79,2593310.59,406749.2
Europe,Russia,Fruits,Online,C,11/27/2015,935662496,12/11/2015,2180,9.33,6.92,20339.4,15085.6,5253.8
Asia,Mongolia,Baby Food,Online,H,2/16/2010,347049796,3/17/2010,8602,255.28,159.42,2195918.56,1371330.84,824587.72
Asia,Taiwan,Office Supplies,Online,L,10/2/2015,882956445,11/13/2015,5288,651.21,524.96,3443598.48,2775988.48,667610
Europe,Kosovo,Household,Offline,C,4/27/2017,402806270,5/30/2017,8181,668.27,502.54,5467116.87,4111279.74,1355837.13
Central America and the Caribbean,Saint Kitts and Nevis ,Fruits,Online,H,8/6/2015,886335599,9/25/2015,5255,9.33,6.92,49029.15,36364.6,12664.55
Australia and Oceania,New Zealand,Baby Food,Offline,L,3/9/2016,783593261,4/2/2016,1514,255.28,159.42,386493.92,241361.88,145132.04
Europe,Georgia,Meat,Offline,H,8/15/2010,864940583,8/17/2010,3994,421.89,364.69,1685028.66,1456571.86,228456.8
Middle East and North Africa,Libya,Vegetables,Offline,L,6/4/2010,171051394,6/24/2010,6764,154.06,90.93,1042061.84,615050.52,427011.32
Sub-Saharan Africa,Malawi,Beverages,Online,H,1/14/2013,962912023,2/9/2013,5920,47.45,31.79,280904,188196.8,92707.2
Sub-Saharan Africa,Mali,Household,Online,C,3/12/2013,171821296,3/17/2013,4595,668.27,502.54,3070700.65,2309171.3,761529.35
Sub-Saharan Africa,Lesotho,Beverages,Online,H,3/31/2014,649390542,4/8/2014,7947,47.45,31.79,377085.15,252635.13,124450.02
Sub-Saharan Africa,Cape Verde,Snacks,Online,C,11/2/2016,817543590,11/26/2016,8171,152.58,97.44,1246731.18,796182.24,450548.94
Europe,Greece,Personal Care,Offline,C,2/6/2015,518516767,2/7/2015,9489,81.73,56.67,775535.97,537741.63,237794.34
Asia,Indonesia,Fruits,Offline,M,8/3/2015,564858901,9/4/2015,3156,9.33,6.92,29445.48,21839.52,7605.96
Sub-Saharan Africa,Namibia,Snacks,Online,M,10/11/2010,489431321,10/29/2010,2459,152.58,97.44,375194.22,239604.96,135589.26
Middle East and North Africa,United Arab Emirates,Vegetables,Offline,L,2/19/2013,795407855,2/19/2013,7715,154.06,90.93,1188572.9,701524.95,487047.95
Sub-Saharan Africa,Equatorial Guinea,Office Supplies,Offline,C,6/29/2013,706274831,8/3/2013,1272,651.21,524.96,828339.12,667749.12,160590
Asia,North Korea,Baby Food,Offline,L,1/31/2015,415831077,2/11/2015,2511,255.28,159.42,641008.08,400303.62,240704.46
Sub-Saharan Africa,Sudan,Personal Care,Online,H,8/23/2014,638187921,10/1/2014,2842,81.73,56.67,232276.66,161056.14,71220.52
Europe,Cyprus,Baby Food,Offline,H,10/4/2013,357769191,10/13/2013,709,255.28,159.42,180993.52,113028.78,67964.74
Europe,Czech Republic,Personal Care,Offline,L,1/31/2015,879311215,3/4/2015,6584,81.73,56.67,538110.32,373115.28,164995.04
Middle East and North Africa,Turkey,Baby Food,Offline,M,12/21/2010,877862823,12/23/2010,7972,255.28,159.42,2035092.16,1270896.24,764195.92
Europe,Germany,Vegetables,Offline,M,7/25/2017,448785340,8/22/2017,4410,154.06,90.93,679404.6,401001.3,278403.3
Europe,Andorra,Cosmetics,Offline,C,6/2/2010,657752597,6/10/2010,2465,437.2,263.33,1077698,649108.45,428589.55
North America,Greenland,Office Supplies,Offline,H,8/3/2011,390750920,8/5/2011,736,651.21,524.96,479290.56,386370.56,92920
Asia,South Korea,Meat,Online,L,2/12/2010,404079139,2/22/2010,4852,421.89,364.69,2047010.28,1769475.88,277534.4
Central America and the Caribbean,Trinidad and Tobago,Vegetables,Offline,H,4/5/2011,174348580,5/20/2011,2474,154.06,90.93,381144.44,224960.82,156183.62
North America,Canada,Beverages,Online,L,7/20/2017,148483073,7/24/2017,8296,47.45,31.79,393645.2,263729.84,129915.36
Sub-Saharan Africa,Guinea-Bissau,Cereal,Offline,C,6/10/2017,393718945,6/14/2017,9040,205.7,117.11,1859528,1058674.4,800853.6
Sub-Saharan Africa,Sierra Leone,Snacks,Offline,L,10/22/2011,147605025,12/7/2011,8462,152.58,97.44,1291131.96,824537.28,466594.68
Middle East and North Africa,Israel,Clothes,Offline,M,3/1/2010,968002641,4/15/2010,2347,109.28,35.84,256480.16,84116.48,172363.68
Europe,Slovenia,Personal Care,Online,L,9/24/2011,883085620,9/29/2011,3514,81.73,56.67,287199.22,199138.38,88060.84
Europe,Netherlands,Snacks,Offline,L,10/15/2016,241340291,11/28/2016,6810,152.58,97.44,1039069.8,663566.4,375503.4
Asia,Mongolia,Cosmetics,Offline,M,5/2/2015,361565482,5/17/2015,4116,437.2,263.33,1799515.2,1083866.28,715648.92
Europe,France,Snacks,Offline,H,7/25/2013,382872521,9/1/2013,9342,152.58,97.44,1425402.36,910284.48,515117.88
Central America and the Caribbean,Belize,Vegetables,Online,L,12/17/2014,414685237,1/5/2015,3432,154.06,90.93,528733.92,312071.76,216662.16
Australia and Oceania,Nauru,Snacks,Online,M,6/29/2016,186739957,7/28/2016,9358,152.58,97.44,1427843.64,911843.52,516000.12
Asia,Tajikistan,Household,Online,L,5/31/2012,399085509,6/26/2012,7126,668.27,502.54,4762092.02,3581100.04,1180991.98
Central America and the Caribbean,The Bahamas,Clothes,Offline,L,3/7/2013,472083222,4/7/2013,8771,109.28,35.84,958494.88,314352.64,644142.24
Middle East and North Africa,Bahrain,Office Supplies,Online,H,5/23/2011,796406924,5/27/2011,3362,651.21,524.96,2189368.02,1764915.52,424452.5
Sub-Saharan Africa,Comoros,Vegetables,Online,M,11/5/2015,483042943,11/24/2015,1996,154.06,90.93,307503.76,181496.28,126007.48
Europe,Iceland,Personal Care,Online,C,6/25/2017,513290107,8/1/2017,2804,81.73,56.67,229170.92,158902.68,70268.24
Middle East and North Africa,Oman,Snacks,Offline,M,11/16/2015,588759744,12/18/2015,5947,152.58,97.44,907393.26,579475.68,327917.58
Sub-Saharan Africa,Burundi,Baby Food,Online,L,6/15/2015,481375682,7/3/2015,8616,255.28,159.42,2199492.48,1373562.72,825929.76
Asia,Tajikistan,Meat,Offline,M,2/18/2014,483374249,3/11/2014,37,421.89,364.69,15609.93,13493.53,2116.4
Middle East and North Africa,United Arab Emirates,Cosmetics,Offline,L,9/7/2014,957304275,9/12/2014,6463,437.2,263.33,2825623.6,1701901.79,1123721.81
Sub-Saharan Africa,Djibouti,Fruits,Offline,H,5/14/2013,986027085,7/2/2013,6181,9.33,6.92,57668.73,42772.52,14896.21
North America,Greenland,Vegetables,Online,L,4/18/2011,622716510,5/6/2011,4508,154.06,90.93,694502.48,409912.44,284590.04
Central America and the Caribbean,Dominican Republic,Personal Care,Online,L,8/25/2010,440858876,10/6/2010,8793,81.73,56.67,718651.89,498299.31,220352.58
Middle East and North Africa,Israel,Meat,Offline,M,11/18/2010,184253013,12/27/2010,3416,421.89,364.69,1441176.24,1245781.04,195395.2
Europe,Sweden,Cereal,Online,M,7/7/2012,117010247,8/15/2012,4787,205.7,117.11,984685.9,560605.57,424080.33
Asia,Turkmenistan,Personal Care,Offline,L,5/8/2013,573554408,5/20/2013,6350,81.73,56.67,518985.5,359854.5,159131
Europe,Vatican City,Beverages,Online,H,4/2/2012,608621823,5/13/2012,3577,47.45,31.79,169728.65,113712.83,56015.82
North America,United States of America,Baby Food,Offline,C,12/8/2012,247261321,1/23/2013,8974,255.28,159.42,2290882.72,1430635.08,860247.64
Australia and Oceania,Federated States of Micronesia,Clothes,Online,M,8/12/2012,934834229,8/22/2012,7077,109.28,35.84,773374.56,253639.68,519734.88
Sub-Saharan Africa,Sierra Leone,Cereal,Online,M,5/3/2013,587014377,5/11/2013,9454,205.7,117.11,1944687.8,1107157.94,837529.86
Europe,Denmark,Meat,Offline,L,8/31/2010,339788091,9/25/2010,9702,421.89,364.69,4093176.78,3538222.38,554954.4
Sub-Saharan Africa,The Gambia,Snacks,Online,H,7/27/2012,499454200,8/29/2012,8452,152.58,97.44,1289606.16,823562.88,466043.28
Europe,Romania,Office Supplies,Online,H,12/12/2012,992624032,1/2/2013,8364,651.21,524.96,5446720.44,4390765.44,1055955
Middle East and North Africa,Algeria,Baby Food,Offline,H,7/19/2010,916221415,8/2/2010,9132,255.28,159.42,2331216.96,1455823.44,875393.52
Europe,Luxembourg,Clothes,Online,L,9/30/2012,787482678,10/1/2012,2479,109.28,35.84,270905.12,88847.36,182057.76
Middle East and North Africa,Pakistan,Cereal,Offline,M,8/22/2016,293956649,8/31/2016,7160,205.7,117.11,1472812,838507.6,634304.4
Europe,Romania,Fruits,Online,L,10/24/2012,543504655,11/22/2012,3960,9.33,6.92,36946.8,27403.2,9543.6
Europe,Latvia,Meat,Offline,L,11/3/2011,914300525,12/12/2011,698,421.89,364.69,294479.22,254553.62,39925.6
Middle East and North Africa,Iraq,Clothes,Offline,L,3/20/2010,404830586,4/19/2010,7222,109.28,35.84,789220.16,258836.48,530383.68
Europe,Georgia,Cosmetics,Offline,L,11/14/2016,783893668,12/17/2016,411,437.2,263.33,179689.2,108228.63,71460.57
Europe,Georgia,Meat,Offline,C,7/1/2011,740601098,8/12/2011,9178,421.89,364.69,3872106.42,3347124.82,524981.6
Asia,Bhutan,Snacks,Online,H,7/3/2016,834376704,8/10/2016,9463,152.58,97.44,1443864.54,922074.72,521789.82
Asia,Indonesia,Clothes,Online,H,7/5/2017,344956815,7/21/2017,9242,109.28,35.84,1009965.76,331233.28,678732.48
North America,Mexico,Cereal,Online,L,7/18/2012,422390258,7/28/2012,3519,205.7,117.11,723858.3,412110.09,311748.21
North America,Canada,Vegetables,Online,H,11/11/2015,937038362,11/28/2015,9329,154.06,90.93,1437225.74,848285.97,588939.77
Europe,Italy,Fruits,Online,L,4/6/2016,929574954,4/26/2016,741,9.33,6.92,6913.53,5127.72,1785.81
Europe,Italy,Baby Food,Online,C,3/13/2011,860986363,4/1/2011,3853,255.28,159.42,983593.84,614245.26,369348.58
Middle East and North Africa,Libya,Fruits,Offline,L,7/12/2010,362571418,7/12/2010,1795,9.33,6.92,16747.35,12421.4,4325.95
Europe,Lithuania,Cereal,Offline,H,1/19/2010,485941445,1/31/2010,9727,205.7,117.11,2000843.9,1139128.97,861714.93
Australia and Oceania,Marshall Islands,Beverages,Online,H,5/27/2010,553020274,7/11/2010,9843,47.45,31.79,467050.35,312908.97,154141.38
Central America and the Caribbean,Saint Lucia,Clothes,Offline,H,4/14/2013,406044232,5/31/2013,6366,109.28,35.84,695676.48,228157.44,467519.04
Sub-Saharan Africa,Gabon,Clothes,Online,C,2/10/2010,857562148,2/20/2010,551,109.28,35.84,60213.28,19747.84,40465.44
Europe,Kosovo,Beverages,Offline,H,1/28/2016,540435349,3/4/2016,5684,47.45,31.79,269705.8,180694.36,89011.44
Asia,Maldives,Cereal,Online,M,5/11/2013,857837665,5/28/2013,2083,205.7,117.11,428473.1,243940.13,184532.97
Middle East and North Africa,Libya,Cosmetics,Offline,C,6/30/2015,133255422,7/6/2015,2095,437.2,263.33,915934,551676.35,364257.65
Central America and the Caribbean,Dominica,Beverages,Offline,C,8/1/2010,360487449,9/18/2010,5102,47.45,31.79,242089.9,162192.58,79897.32
Sub-Saharan Africa,Swaziland,Beverages,Offline,C,7/4/2010,453645074,8/20/2010,2513,47.45,31.79,119241.85,79888.27,39353.58
Middle East and North Africa,Lebanon,Baby Food,Offline,H,11/5/2016,297152125,12/22/2016,2772,255.28,159.42,707636.16,441912.24,265723.92
Europe,Slovakia,Office Supplies,Online,C,2/11/2017,295744931,2/17/2017,6352,651.21,524.96,4136485.92,3334545.92,801940
Asia,Singapore,Snacks,Offline,H,3/27/2011,924472320,4/17/2011,758,152.58,97.44,115655.64,73859.52,41796.12
Europe,Bosnia and Herzegovina,Meat,Online,L,5/9/2015,478695619,6/28/2015,5526,421.89,364.69,2331364.14,2015276.94,316087.2
Sub-Saharan Africa,Democratic Republic of the Congo,Snacks,Offline,L,8/3/2012,924088656,9/13/2012,7224,152.58,97.44,1102237.92,703906.56,398331.36
Sub-Saharan Africa,Swaziland,Snacks,Online,M,6/8/2017,246637761,6/11/2017,4449,152.58,97.44,678828.42,433510.56,245317.86
Sub-Saharan Africa,Cote d'Ivoire,Beverages,Online,M,5/11/2011,102641761,6/18/2011,2833,47.45,31.79,134425.85,90061.07,44364.78
Asia,Kazakhstan,Snacks,Online,M,10/3/2014,868711984,10/8/2014,36,152.58,97.44,5492.88,3507.84,1985.04
Asia,Kazakhstan,Snacks,Offline,M,1/7/2015,291772258,1/14/2015,750,152.58,97.44,114435,73080,41355
Sub-Saharan Africa,Mauritius ,Personal Care,Online,M,9/30/2015,239058911,10/6/2015,1699,81.73,56.67,138859.27,96282.33,42576.94
Sub-Saharan Africa,Sao Tome and Principe,Cosmetics,Offline,C,3/28/2010,848120772,4/2/2010,6639,437.2,263.33,2902570.8,1748247.87,1154322.93
Europe,Switzerland,Cereal,Offline,H,8/1/2015,976819169,8/21/2015,1354,205.7,117.11,278517.8,158566.94,119950.86
Central America and the Caribbean,Belize,Cosmetics,Online,M,11/8/2015,453327929,11/11/2015,8663,437.2,263.33,3787463.6,2281227.79,1506235.81
Sub-Saharan Africa,Burkina Faso,Beverages,Online,C,5/3/2011,526133382,5/26/2011,3414,47.45,31.79,161994.3,108531.06,53463.24
Sub-Saharan Africa,Sudan,Beverages,Offline,L,9/27/2014,714034354,10/30/2014,7488,47.45,31.79,355305.6,238043.52,117262.08
Asia,Tajikistan,Meat,Offline,H,2/12/2017,156142175,2/14/2017,4794,421.89,364.69,2022540.66,1748323.86,274216.8
Sub-Saharan Africa,Republic of the Congo,Cereal,Offline,M,5/19/2014,761880671,6/26/2014,6276,205.7,117.11,1290973.2,734982.36,555990.84
Sub-Saharan Africa,Sudan,Baby Food,Offline,H,1/26/2011,460986173,2/5/2011,4907,255.28,159.42,1252658.96,782273.94,470385.02
Middle East and North Africa,Saudi Arabia,Vegetables,Online,M,7/31/2016,853507506,8/27/2016,693,154.06,90.93,106763.58,63014.49,43749.09
Middle East and North Africa,Yemen,Fruits,Offline,H,2/1/2011,459806001,2/10/2011,5668,9.33,6.92,52882.44,39222.56,13659.88
Sub-Saharan Africa,South Africa,Snacks,Offline,L,6/19/2017,570555484,7/7/2017,8902,152.58,97.44,1358267.16,867410.88,490856.28
Sub-Saharan Africa,Namibia,Baby Food,Online,C,3/28/2014,296742284,4/24/2014,1491,255.28,159.42,380622.48,237695.22,142927.26
Europe,Bulgaria,Clothes,Offline,M,1/20/2015,619665229,3/7/2015,1566,109.28,35.84,171132.48,56125.44,115007.04
Europe,Hungary,Household,Online,H,12/1/2011,340935647,1/20/2012,9289,668.27,502.54,6207560.03,4668094.06,1539465.97
Europe,Portugal,Household,Online,M,10/29/2016,132477366,10/31/2016,1852,668.27,502.54,1237636.04,930704.08,306931.96
Australia and Oceania,Fiji,Fruits,Online,H,7/21/2012,286526715,8/20/2012,8477,9.33,6.92,79090.41,58660.84,20429.57
Europe,Switzerland,Fruits,Online,L,1/6/2017,265632522,2/22/2017,5421,9.33,6.92,50577.93,37513.32,13064.61
Sub-Saharan Africa,Mozambique,Snacks,Online,M,5/1/2011,952656114,6/1/2011,969,152.58,97.44,147850.02,94419.36,53430.66
Sub-Saharan Africa,Sudan,Household,Offline,H,10/2/2011,600771319,11/20/2011,439,668.27,502.54,293370.53,220615.06,72755.47
Central America and the Caribbean,Dominican Republic,Baby Food,Online,M,11/19/2012,683464467,12/17/2012,1179,255.28,159.42,300975.12,187956.18,113018.94
Middle East and North Africa,Tunisia ,Cereal,Offline,M,3/11/2014,944534385,4/19/2014,7569,205.7,117.11,1556943.3,886405.59,670537.71
Asia,Japan,Cereal,Offline,L,3/10/2016,748092401,3/20/2016,6020,205.7,117.11,1238314,705002.2,533311.8
North America,Mexico,Cosmetics,Offline,M,9/4/2016,428562343,9/17/2016,9976,437.2,263.33,4361507.2,2626980.08,1734527.12
Middle East and North Africa,Oman,Vegetables,Offline,H,7/10/2014,840680539,8/8/2014,4908,154.06,90.93,756126.48,446284.44,309842.04
Australia and Oceania,Fiji,Meat,Online,H,6/9/2013,209495818,7/7/2013,3323,421.89,364.69,1401940.47,1211864.87,190075.6
Europe,Malta,Personal Care,Online,H,8/20/2010,880369508,10/6/2010,9756,81.73,56.67,797357.88,552872.52,244485.36
Sub-Saharan Africa,Rwanda,Vegetables,Offline,L,9/30/2015,768975436,10/4/2015,5775,154.06,90.93,889696.5,525120.75,364575.75
Middle East and North Africa,Morocco,Meat,Offline,M,9/30/2016,111299932,11/9/2016,4978,421.89,364.69,2100168.42,1815426.82,284741.6
Australia and Oceania,New Zealand,Clothes,Online,L,1/17/2014,113641822,2/10/2014,7995,109.28,35.84,873693.6,286540.8,587152.8
Europe,Italy,Meat,Offline,H,9/5/2016,702612435,10/22/2016,7488,421.89,364.69,3159112.32,2730798.72,428313.6
Middle East and North Africa,Kuwait,Office Supplies,Online,L,10/28/2015,975135600,11/28/2015,3149,651.21,524.96,2050660.29,1653099.04,397561.25
Australia and Oceania,Tonga,Clothes,Offline,L,4/16/2011,548447644,5/4/2011,6701,109.28,35.84,732285.28,240163.84,492121.44
Sub-Saharan Africa,Equatorial Guinea,Baby Food,Offline,H,4/23/2015,910097396,5/27/2015,6899,255.28,159.42,1761176.72,1099838.58,661338.14
Europe,Czech Republic,Cosmetics,Online,H,11/23/2010,467946183,12/11/2010,4529,437.2,263.33,1980078.8,1192621.57,787457.23
Asia,Bhutan,Household,Online,C,3/13/2016,400167834,3/13/2016,7410,668.27,502.54,4951880.7,3723821.4,1228059.3
Australia and Oceania,Federated States of Micronesia,Vegetables,Offline,L,7/28/2012,605248677,8/20/2012,5388,154.06,90.93,830075.28,489930.84,340144.44
Sub-Saharan Africa,Burundi,Meat,Online,M,7/6/2016,151987540,7/20/2016,5346,421.89,364.69,2255423.94,1949632.74,305791.2
Central America and the Caribbean,Saint Vincent and the Grenadines,Clothes,Online,L,4/15/2015,429495751,5/5/2015,6192,109.28,35.84,676661.76,221921.28,454740.48
Sub-Saharan Africa,Burundi,Cosmetics,Online,L,2/29/2016,197197139,3/20/2016,3870,437.2,263.33,1691964,1019087.1,672876.9
Europe,Slovenia,Meat,Online,M,4/27/2012,534828031,5/8/2012,6354,421.89,364.69,2680689.06,2317240.26,363448.8
Middle East and North Africa,Jordan,Office Supplies,Offline,C,12/13/2016,792437255,1/7/2017,8648,651.21,524.96,5631664.08,4539854.08,1091810
Sub-Saharan Africa,Guinea-Bissau,Office Supplies,Offline,M,1/1/2014,840386140,1/10/2014,7789,651.21,524.96,5072274.69,4088913.44,983361.25
Central America and the Caribbean,Nicaragua,Vegetables,Offline,L,1/1/2015,619348514,2/19/2015,7843,154.06,90.93,1208292.58,713163.99,495128.59
Asia,Japan,Vegetables,Online,H,5/25/2017,590310704,7/5/2017,4910,154.06,90.93,756434.6,446466.3,309968.3
Sub-Saharan Africa,Botswana,Baby Food,Online,C,11/29/2015,384571540,12/22/2015,2120,255.28,159.42,541193.6,337970.4,203223.2
Asia,Nepal,Meat,Offline,M,11/25/2013,153742349,1/9/2014,4632,421.89,364.69,1954194.48,1689244.08,264950.4
Middle East and North Africa,Tunisia ,Cosmetics,Online,M,1/5/2012,119746959,2/17/2012,4641,437.2,263.33,2029045.2,1222114.53,806930.67
Australia and Oceania,Tonga,Cereal,Offline,L,12/11/2011,124821698,12/31/2011,6369,205.7,117.11,1310103.3,745873.59,564229.71
North America,Greenland,Meat,Online,M,9/6/2012,981515395,9/22/2012,1072,421.89,364.69,452266.08,390947.68,61318.4
Asia,Cambodia,Cereal,Online,C,4/11/2014,422689378,5/14/2014,2035,205.7,117.11,418599.5,238318.85,180280.65
Australia and Oceania,Nauru,Cereal,Online,L,1/19/2014,751517474,1/30/2014,9576,205.7,117.11,1969783.2,1121445.36,848337.84
Sub-Saharan Africa,Eritrea,Cereal,Offline,H,5/25/2010,291486012,5/31/2010,6043,205.7,117.11,1243045.1,707695.73,535349.37
Middle East and North Africa,Iraq,Cereal,Online,L,2/17/2014,136393821,2/28/2014,817,205.7,117.11,168056.9,95678.87,72378.03
Australia and Oceania,New Zealand,Meat,Online,C,6/1/2014,100352227,7/3/2014,5309,421.89,364.69,2239814.01,1936139.21,303674.8
Asia,Vietnam,Cosmetics,Online,M,11/1/2012,967785060,11/12/2012,7960,437.2,263.33,3480112,2096106.8,1384005.2
Sub-Saharan Africa,Republic of the Congo,Meat,Online,M,1/18/2012,443428647,1/26/2012,9245,421.89,364.69,3900373.05,3371559.05,528814
Asia,Cambodia,Beverages,Offline,H,12/22/2011,802331817,1/9/2012,6669,47.45,31.79,316444.05,212007.51,104436.54
Europe,Bulgaria,Beverages,Online,H,8/11/2013,339855897,9/30/2013,9767,47.45,31.79,463444.15,310492.93,152951.22
Middle East and North Africa,Qatar,Household,Online,L,3/27/2015,121674716,3/27/2015,5107,668.27,502.54,3412854.89,2566471.78,846383.11
Europe,Bosnia and Herzegovina,Office Supplies,Offline,C,3/7/2016,833774602,4/8/2016,1288,651.21,524.96,838758.48,676148.48,162610
Europe,Poland,Office Supplies,Offline,M,1/25/2013,532454383,3/9/2013,3939,651.21,524.96,2565116.19,2067817.44,497298.75
Europe,Slovenia,Meat,Offline,H,2/25/2011,494325387,4/11/2011,722,421.89,364.69,304604.58,263306.18,41298.4
Central America and the Caribbean,Honduras,Beverages,Online,L,12/17/2012,266311442,1/24/2013,6329,47.45,31.79,300311.05,201198.91,99112.14
Australia and Oceania,East Timor,Fruits,Online,H,7/10/2014,815648877,8/16/2014,7483,9.33,6.92,69816.39,51782.36,18034.03
Sub-Saharan Africa,Tanzania,Household,Online,M,9/17/2016,479886519,10/31/2016,7940,668.27,502.54,5306063.8,3990167.6,1315896.2
Sub-Saharan Africa,Uganda,Personal Care,Online,M,11/25/2013,816885697,12/18/2013,3486,81.73,56.67,284910.78,197551.62,87359.16
Sub-Saharan Africa,Republic of the Congo,Beverages,Offline,H,11/16/2012,754820239,12/16/2012,6937,47.45,31.79,329160.65,220527.23,108633.42
Australia and Oceania,Solomon Islands,Cosmetics,Offline,L,12/5/2013,642176473,1/4/2014,3144,437.2,263.33,1374556.8,827909.52,546647.28
Sub-Saharan Africa,Ethiopia,Snacks,Offline,C,8/14/2014,897753226,9/12/2014,3985,152.58,97.44,608031.3,388298.4,219732.9
Australia and Oceania,Nauru,Vegetables,Online,M,7/29/2013,660661828,9/12/2013,3371,154.06,90.93,519336.26,306525.03,212811.23
Australia and Oceania,Australia,Cereal,Offline,L,4/11/2014,940326106,5/16/2014,2246,205.7,117.11,462002.2,263029.06,198973.14
Sub-Saharan Africa,South Africa,Fruits,Offline,H,9/10/2013,566482388,9/29/2013,3582,9.33,6.92,33420.06,24787.44,8632.62
Europe,Luxembourg,Fruits,Online,H,8/26/2013,239179503,8/31/2013,7385,9.33,6.92,68902.05,51104.2,17797.85
Asia,Kazakhstan,Beverages,Online,C,1/13/2017,278778779,1/29/2017,5691,47.45,31.79,270037.95,180916.89,89121.06
Central America and the Caribbean,Saint Vincent and the Grenadines,Meat,Offline,L,6/11/2016,175954043,6/22/2016,7566,421.89,364.69,3192019.74,2759244.54,432775.2
Asia,Brunei,Beverages,Online,L,2/7/2013,841691625,2/19/2013,4111,47.45,31.79,195066.95,130688.69,64378.26
Europe,Bosnia and Herzegovina,Cereal,Offline,H,2/5/2013,557290351,3/10/2013,3454,205.7,117.11,710487.8,404497.94,305989.86
Central America and the Caribbean,Dominica,Household,Online,C,1/2/2016,824361550,2/17/2016,5757,668.27,502.54,3847230.39,2893122.78,954107.61
Europe,Bosnia and Herzegovina,Meat,Offline,M,2/6/2011,514829051,2/21/2011,8212,421.89,364.69,3464560.68,2994834.28,469726.4
Sub-Saharan Africa,Mali,Fruits,Online,M,6/14/2011,820929181,7/1/2011,42,9.33,6.92,391.86,290.64,101.22
Sub-Saharan Africa,Mozambique,Meat,Offline,C,4/2/2012,305210769,4/19/2012,7504,421.89,364.69,3165862.56,2736633.76,429228.8
Australia and Oceania,Solomon Islands,Household,Offline,C,5/4/2017,750535142,6/14/2017,8882,668.27,502.54,5935574.14,4463560.28,1472013.86
Europe,Austria,Fruits,Online,C,9/5/2012,410076129,9/11/2012,9494,9.33,6.92,88579.02,65698.48,22880.54
Central America and the Caribbean,Trinidad and Tobago,Meat,Offline,M,8/7/2015,757320058,9/19/2015,6689,421.89,364.69,2822022.21,2439411.41,382610.8
Europe,Ireland,Snacks,Offline,L,5/27/2010,636065757,6/12/2010,4847,152.58,97.44,739555.26,472291.68,267263.58
Central America and the Caribbean,Saint Kitts and Nevis ,Fruits,Online,H,10/5/2012,310424554,10/14/2012,379,9.33,6.92,3536.07,2622.68,913.39
Asia,Brunei,Beverages,Offline,H,11/25/2012,114820277,1/6/2013,6726,47.45,31.79,319148.7,213819.54,105329.16
Australia and Oceania,Samoa ,Beverages,Offline,M,4/6/2017,903989255,5/21/2017,9364,47.45,31.79,444321.8,297681.56,146640.24
Europe,Iceland,Cosmetics,Online,C,5/31/2014,902980315,7/10/2014,796,437.2,263.33,348011.2,209610.68,138400.52
Australia and Oceania,Palau,Meat,Online,M,9/14/2016,657154786,9/24/2016,5559,421.89,364.69,2345286.51,2027311.71,317974.8
Sub-Saharan Africa,Sudan,Snacks,Online,M,1/21/2011,782186496,2/19/2011,5221,152.58,97.44,796620.18,508734.24,287885.94
Middle East and North Africa,Bahrain,Household,Offline,L,9/25/2015,614061772,10/27/2015,3379,668.27,502.54,2258084.33,1698082.66,560001.67
Middle East and North Africa,Oman,Snacks,Offline,H,12/31/2015,459079444,2/12/2016,664,152.58,97.44,101313.12,64700.16,36612.96
Europe,Greece,Snacks,Online,M,4/24/2013,243850839,6/13/2013,9737,152.58,97.44,1485671.46,948773.28,536898.18
Europe,Bosnia and Herzegovina,Cereal,Online,M,1/1/2014,865299785,1/27/2014,290,205.7,117.11,59653,33961.9,25691.1
Central America and the Caribbean,Nicaragua,Cereal,Online,H,4/20/2010,140662610,5/2/2010,4047,205.7,117.11,832467.9,473944.17,358523.73
Europe,Croatia,Cereal,Offline,M,6/13/2014,457488143,7/19/2014,9763,205.7,117.11,2008249.1,1143344.93,864904.17
Middle East and North Africa,Syria,Fruits,Online,C,1/8/2017,223637712,2/13/2017,8223,9.33,6.92,76720.59,56903.16,19817.43
Sub-Saharan Africa,Burundi,Baby Food,Online,M,6/17/2013,617285144,7/28/2013,7246,255.28,159.42,1849758.88,1155157.32,694601.56
Sub-Saharan Africa,Guinea-Bissau,Cosmetics,Online,C,5/28/2015,636916768,7/11/2015,6680,437.2,263.33,2920496,1759044.4,1161451.6
Asia,Maldives,Baby Food,Offline,M,8/17/2016,251331412,9/11/2016,3405,255.28,159.42,869228.4,542825.1,326403.3
Asia,Cambodia,Cosmetics,Offline,M,12/24/2011,849640405,1/20/2012,6331,437.2,263.33,2767913.2,1667142.23,1100770.97
Europe,Malta,Clothes,Online,M,4/17/2016,291267573,5/18/2016,1402,109.28,35.84,153210.56,50247.68,102962.88
Asia,Cambodia,Office Supplies,Online,H,3/8/2015,555949246,4/11/2015,6591,651.21,524.96,4292125.11,3460011.36,832113.75
Sub-Saharan Africa,Togo,Snacks,Online,M,4/4/2014,993734252,4/22/2014,6903,152.58,97.44,1053259.74,672628.32,380631.42
Asia,Maldives,Household,Online,C,8/13/2012,574983918,9/12/2012,9374,668.27,502.54,6264362.98,4710809.96,1553553.02
Australia and Oceania,Kiribati,Personal Care,Online,H,3/20/2014,140372073,3/25/2014,8071,81.73,56.67,659642.83,457383.57,202259.26
Sub-Saharan Africa,Gabon,Snacks,Offline,L,7/1/2016,150885045,8/11/2016,9093,152.58,97.44,1387409.94,886021.92,501388.02
Middle East and North Africa,Lebanon,Beverages,Offline,M,3/11/2014,237821662,4/4/2014,5570,47.45,31.79,264296.5,177070.3,87226.2
Sub-Saharan Africa,Nigeria,Cereal,Offline,C,8/26/2010,552793252,8/30/2010,2662,205.7,117.11,547573.4,311746.82,235826.58
Central America and the Caribbean,Jamaica,Household,Offline,H,2/4/2014,417723643,2/24/2014,2564,668.27,502.54,1713444.28,1288512.56,424931.72
Europe,Kosovo,Household,Online,M,1/28/2011,574849164,2/19/2011,9497,668.27,502.54,6346560.19,4772622.38,1573937.81
Europe,Iceland,Vegetables,Offline,M,9/23/2015,936718642,11/12/2015,4717,154.06,90.93,726701.02,428916.81,297784.21
Sub-Saharan Africa,Chad,Meat,Offline,H,12/13/2012,136193406,12/19/2012,1510,421.89,364.69,637053.9,550681.9,86372
Sub-Saharan Africa,Tanzania,Fruits,Offline,C,3/20/2015,476447284,4/23/2015,194,9.33,6.92,1810.02,1342.48,467.54
Europe,Estonia,Fruits,Online,L,5/6/2013,280966603,6/10/2013,3116,9.33,6.92,29072.28,21562.72,7509.56
Sub-Saharan Africa,Nigeria,Vegetables,Online,M,7/31/2010,643550193,8/3/2010,9658,154.06,90.93,1487911.48,878201.94,609709.54
Asia,Mongolia,Fruits,Online,H,3/24/2011,478309381,5/8/2011,1230,9.33,6.92,11475.9,8511.6,2964.3
Middle East and North Africa,Afghanistan,Meat,Online,C,11/14/2016,569667994,11/18/2016,6274,421.89,364.69,2646937.86,2288065.06,358872.8
Asia,Bangladesh,Household,Offline,M,1/9/2015,422362363,2/16/2015,5264,668.27,502.54,3517773.28,2645370.56,872402.72
Australia and Oceania,Vanuatu,Fruits,Offline,L,3/8/2013,511441314,4/20/2013,5705,9.33,6.92,53227.65,39478.6,13749.05
Europe,Ireland,Office Supplies,Online,C,5/5/2012,932266175,6/1/2012,7133,651.21,524.96,4645080.93,3744539.68,900541.25
Sub-Saharan Africa,Malawi,Clothes,Offline,C,10/12/2010,950510776,11/20/2010,6116,109.28,35.84,668356.48,219197.44,449159.04
Sub-Saharan Africa,Lesotho,Fruits,Online,L,5/28/2015,352161443,7/6/2015,1252,9.33,6.92,11681.16,8663.84,3017.32
Middle East and North Africa,Syria,Cosmetics,Offline,C,4/4/2015,793517005,4/30/2015,8170,437.2,263.33,3571924,2151406.1,1420517.9
Asia,Bangladesh,Office Supplies,Online,C,8/5/2015,851188790,8/16/2015,4533,651.21,524.96,2951934.93,2379643.68,572291.25
Middle East and North Africa,Turkey,Cosmetics,Offline,H,5/18/2011,972100627,7/4/2011,5033,437.2,263.33,2200427.6,1325339.89,875087.71
Asia,Nepal,Cereal,Offline,M,10/9/2013,323488843,11/24/2013,6392,205.7,117.11,1314834.4,748567.12,566267.28
Asia,Bangladesh,Vegetables,Online,H,2/2/2016,842902266,2/11/2016,2367,154.06,90.93,364660.02,215231.31,149428.71
Europe,Germany,Fruits,Online,C,9/9/2012,488202226,9/13/2012,8742,9.33,6.92,81562.86,60494.64,21068.22
Sub-Saharan Africa,Zimbabwe,Beverages,Online,M,5/17/2010,887562549,6/20/2010,8337,47.45,31.79,395590.65,265033.23,130557.42
Europe,Finland,Personal Care,Online,L,12/29/2016,589469563,1/13/2017,5998,81.73,56.67,490216.54,339906.66,150309.88
Sub-Saharan Africa,Botswana,Beverages,Online,L,12/21/2014,912722098,12/23/2014,3606,47.45,31.79,171104.7,114634.74,56469.96
Sub-Saharan Africa,Rwanda,Vegetables,Online,C,7/3/2010,996431481,7/18/2010,5073,154.06,90.93,781546.38,461287.89,320258.49
Middle East and North Africa,Jordan,Fruits,Online,C,8/23/2014,950021541,9/2/2014,1340,9.33,6.92,12502.2,9272.8,3229.4
Australia and Oceania,East Timor,Clothes,Online,M,10/15/2016,503228604,10/21/2016,5382,109.28,35.84,588144.96,192890.88,395254.08
Central America and the Caribbean,Trinidad and Tobago,Vegetables,Online,M,3/12/2011,356101500,3/25/2011,7202,154.06,90.93,1109540.12,654877.86,454662.26
Sub-Saharan Africa,South Sudan,Clothes,Offline,C,11/21/2015,829001557,11/22/2015,8838,109.28,35.84,965816.64,316753.92,649062.72
Europe,Slovakia,Office Supplies,Online,L,11/23/2015,512602603,12/24/2015,9356,651.21,524.96,6092720.76,4911525.76,1181195
Middle East and North Africa,Turkey,Baby Food,Online,C,6/10/2012,317890965,7/6/2012,9856,255.28,159.42,2516039.68,1571243.52,944796.16
Europe,Greece,Personal Care,Online,M,8/14/2011,326165473,10/1/2011,8466,81.73,56.67,691926.18,479768.22,212157.96
Sub-Saharan Africa,Seychelles ,Snacks,Offline,H,12/28/2012,239037454,1/17/2013,5349,152.58,97.44,816150.42,521206.56,294943.86
Middle East and North Africa,Libya,Personal Care,Offline,L,6/2/2013,728430736,6/8/2013,7697,81.73,56.67,629075.81,436188.99,192886.82
Sub-Saharan Africa,Eritrea,Office Supplies,Offline,C,10/27/2010,286581647,11/29/2010,4733,651.21,524.96,3082176.93,2484635.68,597541.25
Middle East and North Africa,Kuwait,Baby Food,Online,L,7/14/2015,176039016,7/29/2015,2712,255.28,159.42,692319.36,432347.04,259972.32
Middle East and North Africa,Kuwait,Household,Offline,L,4/1/2016,379664170,4/30/2016,9920,668.27,502.54,6629238.4,4985196.8,1644041.6
Sub-Saharan Africa,The Gambia,Baby Food,Offline,C,1/31/2014,950630939,3/15/2014,1675,255.28,159.42,427594,267028.5,160565.5
Sub-Saharan Africa,Lesotho,Fruits,Online,L,3/18/2011,662425649,4/22/2011,5325,9.33,6.92,49682.25,36849,12833.25
Central America and the Caribbean,Belize,Clothes,Offline,H,8/29/2014,158847129,9/20/2014,5250,109.28,35.84,573720,188160,385560
Europe,Belgium,Meat,Online,H,5/19/2017,604006707,6/26/2017,7862,421.89,364.69,3316899.18,2867192.78,449706.4
North America,United States of America,Beverages,Offline,M,3/5/2017,532328212,4/23/2017,6602,47.45,31.79,313264.9,209877.58,103387.32
Sub-Saharan Africa,Liberia,Clothes,Online,C,11/26/2012,798547971,1/4/2013,6945,109.28,35.84,758949.6,248908.8,510040.8
Sub-Saharan Africa,Sudan,Cereal,Offline,C,11/10/2015,527714812,12/8/2015,1395,205.7,117.11,286951.5,163368.45,123583.05
Central America and the Caribbean,Barbados,Household,Offline,C,9/4/2015,265190064,9/5/2015,4488,668.27,502.54,2999195.76,2255399.52,743796.24
Australia and Oceania,Tonga,Meat,Online,M,5/30/2014,626647555,7/1/2014,7792,421.89,364.69,3287366.88,2841664.48,445702.4
Middle East and North Africa,Egypt,Cereal,Offline,H,3/11/2015,948073613,3/13/2015,4905,205.7,117.11,1008958.5,574424.55,434533.95
North America,Mexico,Cosmetics,Offline,H,11/6/2010,635767066,12/16/2010,6458,437.2,263.33,2823437.6,1700585.14,1122852.46
Europe,Lithuania,Fruits,Offline,C,6/2/2010,516339242,7/2/2010,5111,9.33,6.92,47685.63,35368.12,12317.51
Europe,Russia,Baby Food,Offline,L,8/26/2012,586713969,10/15/2012,556,255.28,159.42,141935.68,88637.52,53298.16
Europe,Czech Republic,Meat,Offline,C,5/12/2017,464127576,6/16/2017,4518,421.89,364.69,1906099.02,1647669.42,258429.6
Australia and Oceania,New Zealand,Vegetables,Offline,C,1/23/2014,736128890,2/7/2014,5752,154.06,90.93,886153.12,523029.36,363123.76
Middle East and North Africa,Saudi Arabia,Personal Care,Online,H,1/20/2016,710579240,2/20/2016,5043,81.73,56.67,412164.39,285786.81,126377.58
Europe,Macedonia,Personal Care,Online,M,3/13/2011,665652453,3/22/2011,208,81.73,56.67,16999.84,11787.36,5212.48
Sub-Saharan Africa,Benin,Fruits,Online,L,2/18/2011,499834859,4/3/2011,1097,9.33,6.92,10235.01,7591.24,2643.77
North America,Canada,Household,Offline,C,3/21/2017,181925284,4/3/2017,4589,668.27,502.54,3066691.03,2306156.06,760534.97
Europe,Montenegro,Snacks,Offline,L,9/19/2016,201035058,9/30/2016,9596,152.58,97.44,1464157.68,935034.24,529123.44
Middle East and North Africa,Pakistan,Meat,Online,M,11/23/2016,216588008,12/13/2016,2059,421.89,364.69,868671.51,750896.71,117774.8
Central America and the Caribbean,Grenada,Meat,Online,H,12/10/2010,408320462,1/15/2011,9953,421.89,364.69,4199071.17,3629759.57,569311.6
Sub-Saharan Africa,Botswana,Meat,Online,M,1/13/2012,126281249,2/22/2012,8283,421.89,364.69,3494514.87,3020727.27,473787.6
Europe,Netherlands,Cosmetics,Offline,L,9/15/2011,140831696,10/14/2011,4083,437.2,263.33,1785087.6,1075176.39,709911.21
Europe,Bosnia and Herzegovina,Baby Food,Offline,C,11/26/2013,392645633,1/5/2014,1423,255.28,159.42,363263.44,226854.66,136408.78
Europe,Vatican City,Meat,Offline,M,1/29/2016,442709386,2/17/2016,6400,421.89,364.69,2700096,2334016,366080
Sub-Saharan Africa,Liberia,Baby Food,Online,H,12/12/2012,822321784,12/15/2012,2145,255.28,159.42,547575.6,341955.9,205619.7
Central America and the Caribbean,Saint Vincent and the Grenadines,Snacks,Online,C,6/14/2015,783094155,7/27/2015,3817,152.58,97.44,582397.86,371928.48,210469.38
Asia,South Korea,Vegetables,Offline,H,8/25/2016,546950328,9/19/2016,3611,154.06,90.93,556310.66,328348.23,227962.43
Sub-Saharan Africa,Senegal,Office Supplies,Offline,L,9/6/2010,856126630,9/7/2010,5750,651.21,524.96,3744457.5,3018520,725937.5
Europe,Armenia,Office Supplies,Online,L,9/3/2011,723171889,9/15/2011,1487,651.21,524.96,968349.27,780615.52,187733.75
Europe,Poland,Cereal,Online,M,2/5/2012,580947434,2/14/2012,4111,205.7,117.11,845632.7,481439.21,364193.49
Sub-Saharan Africa,Tanzania,Personal Care,Offline,L,11/8/2016,932627093,12/12/2016,3937,81.73,56.67,321771.01,223109.79,98661.22
Australia and Oceania,Vanuatu,Meat,Online,L,10/7/2016,101697194,11/18/2016,3315,421.89,364.69,1398565.35,1208947.35,189618
Central America and the Caribbean,Barbados,Beverages,Offline,L,1/27/2015,981956565,2/20/2015,1624,47.45,31.79,77058.8,51626.96,25431.84
Europe,Andorra,Cosmetics,Online,L,1/31/2016,687516534,3/8/2016,275,437.2,263.33,120230,72415.75,47814.25
Middle East and North Africa,Oman,Cereal,Offline,C,10/22/2013,902800929,11/16/2013,7712,205.7,117.11,1586358.4,903152.32,683206.08
Europe,France,Cereal,Online,L,11/26/2010,232546079,1/12/2011,4407,205.7,117.11,906519.9,516103.77,390416.13
Asia,Indonesia,Household,Online,H,11/13/2014,951800811,12/29/2014,7866,668.27,502.54,5256611.82,3952979.64,1303632.18
Europe,Ukraine,Cosmetics,Online,H,7/20/2011,455926454,8/22/2011,7624,437.2,263.33,3333212.8,2007627.92,1325584.88
Europe,Monaco,Baby Food,Online,L,5/16/2014,710596835,5/21/2014,249,255.28,159.42,63564.72,39695.58,23869.14
Europe,Czech Republic,Cosmetics,Online,C,2/5/2015,601798284,3/1/2015,4340,437.2,263.33,1897448,1142852.2,754595.8
Asia,Singapore,Baby Food,Offline,M,5/5/2010,885829627,6/11/2010,5527,255.28,159.42,1410932.56,881114.34,529818.22
Central America and the Caribbean,Cuba,Meat,Online,H,12/8/2012,139302194,12/14/2012,1470,421.89,364.69,620178.3,536094.3,84084
Australia and Oceania,New Zealand,Personal Care,Online,C,4/7/2010,609139811,5/11/2010,6862,81.73,56.67,560831.26,388869.54,171961.72
Europe,Czech Republic,Cosmetics,Offline,C,6/30/2013,562578809,8/1/2013,8426,437.2,263.33,3683847.2,2218818.58,1465028.62
Middle East and North Africa,Iran,Cosmetics,Offline,H,12/9/2015,137168014,12/12/2015,9918,437.2,263.33,4336149.6,2611706.94,1724442.66
Sub-Saharan Africa,South Africa,Cosmetics,Online,L,12/16/2011,890768754,12/30/2011,7124,437.2,263.33,3114612.8,1875962.92,1238649.88
Middle East and North Africa,Israel,Baby Food,Offline,C,12/2/2015,851554858,12/19/2015,2861,255.28,159.42,730356.08,456100.62,274255.46
Sub-Saharan Africa,Ghana,Cosmetics,Online,C,12/17/2012,368012654,1/15/2013,1977,437.2,263.33,864344.4,520603.41,343740.99
Central America and the Caribbean,Trinidad and Tobago,Fruits,Offline,L,10/18/2015,758940970,10/23/2015,6353,9.33,6.92,59273.49,43962.76,15310.73
Sub-Saharan Africa,Malawi,Personal Care,Offline,C,6/24/2015,263451135,7/8/2015,9900,81.73,56.67,809127,561033,248094
Europe,Vatican City,Personal Care,Online,L,6/26/2015,790966975,7/9/2015,3560,81.73,56.67,290958.8,201745.2,89213.6
Asia,Japan,Meat,Online,H,10/14/2012,271224820,11/4/2012,306,421.89,364.69,129098.34,111595.14,17503.2
Australia and Oceania,New Zealand,Personal Care,Online,C,10/12/2016,304273498,11/29/2016,144,81.73,56.67,11769.12,8160.48,3608.64
Sub-Saharan Africa,Guinea-Bissau,Snacks,Offline,M,3/19/2015,310474336,4/2/2015,5110,152.58,97.44,779683.8,497918.4,281765.4
Europe,Italy,Office Supplies,Offline,H,10/26/2015,680501163,11/25/2015,4271,651.21,524.96,2781317.91,2242104.16,539213.75
Central America and the Caribbean,Barbados,Fruits,Online,H,4/3/2012,525340306,4/21/2012,8726,9.33,6.92,81413.58,60383.92,21029.66
Europe,Serbia,Fruits,Offline,C,8/11/2010,826290595,9/21/2010,6604,9.33,6.92,61615.32,45699.68,15915.64
Middle East and North Africa,Lebanon,Cosmetics,Online,C,6/14/2010,384963357,7/6/2010,8067,437.2,263.33,3526892.4,2124283.11,1402609.29
Middle East and North Africa,Iran,Snacks,Offline,M,3/18/2016,773282420,4/12/2016,307,152.58,97.44,46842.06,29914.08,16927.98
Sub-Saharan Africa,Equatorial Guinea,Clothes,Offline,L,8/30/2010,483484113,9/26/2010,2548,109.28,35.84,278445.44,91320.32,187125.12
Central America and the Caribbean,Panama,Personal Care,Online,L,9/19/2011,778117263,10/30/2011,1044,81.73,56.67,85326.12,59163.48,26162.64
Europe,San Marino,Snacks,Offline,L,8/20/2015,740043199,10/5/2015,4083,152.58,97.44,622984.14,397847.52,225136.62
Europe,Belarus,Beverages,Online,H,12/17/2015,422435748,12/24/2015,6980,47.45,31.79,331201,221894.2,109306.8
Australia and Oceania,Samoa ,Cosmetics,Offline,H,11/13/2014,398781239,11/18/2014,7085,437.2,263.33,3097562,1865693.05,1231868.95
Sub-Saharan Africa,Mozambique,Snacks,Offline,H,10/26/2011,412878501,11/1/2011,8778,152.58,97.44,1339347.24,855328.32,484018.92
Asia,China,Cereal,Offline,M,11/25/2014,728838860,1/8/2015,8470,205.7,117.11,1742279,991921.7,750357.3
Middle East and North Africa,Afghanistan,Baby Food,Online,C,5/7/2014,781086146,6/10/2014,9603,255.28,159.42,2451453.84,1530910.26,920543.58
Sub-Saharan Africa,Botswana,Household,Online,C,8/4/2016,524356687,8/15/2016,7651,668.27,502.54,5112933.77,3844933.54,1268000.23
Europe,Norway,Cereal,Offline,M,3/16/2010,883699309,5/1/2010,5118,205.7,117.11,1052772.6,599368.98,453403.62
Middle East and North Africa,Qatar,Baby Food,Offline,L,2/12/2015,604475343,3/6/2015,6542,255.28,159.42,1670041.76,1042925.64,627116.12
Middle East and North Africa,Algeria,Vegetables,Offline,L,8/31/2010,302358615,9/12/2010,3488,154.06,90.93,537361.28,317163.84,220197.44
Middle East and North Africa,Syria,Personal Care,Online,C,2/14/2015,213335454,2/15/2015,9556,81.73,56.67,781011.88,541538.52,239473.36
Australia and Oceania,East Timor,Household,Online,M,9/29/2013,643704688,10/14/2013,5377,668.27,502.54,3593287.79,2702157.58,891130.21
Europe,Ukraine,Beverages,Offline,L,7/28/2015,620077645,9/6/2015,3610,47.45,31.79,171294.5,114761.9,56532.6
Sub-Saharan Africa,Chad,Baby Food,Online,H,10/12/2011,139378154,10/12/2011,3948,255.28,159.42,1007845.44,629390.16,378455.28
Asia,Nepal,Cosmetics,Offline,H,4/28/2017,618842542,6/3/2017,8115,437.2,263.33,3547878,2136922.95,1410955.05
Sub-Saharan Africa,Angola,Clothes,Online,L,2/23/2014,846019637,3/19/2014,4866,109.28,35.84,531756.48,174397.44,357359.04
Europe,Andorra,Cereal,Offline,L,7/22/2015,128770768,7/26/2015,4987,205.7,117.11,1025825.9,584027.57,441798.33
Middle East and North Africa,Oman,Vegetables,Online,M,12/22/2016,545269763,12/28/2016,6295,154.06,90.93,969807.7,572404.35,397403.35
Central America and the Caribbean,Jamaica,Office Supplies,Offline,M,11/29/2014,194002950,12/20/2014,8639,651.21,524.96,5625803.19,4535129.44,1090673.75
Asia,North Korea,Personal Care,Offline,L,9/16/2010,843769156,10/15/2010,8899,81.73,56.67,727315.27,504306.33,223008.94
Australia and Oceania,Fiji,Personal Care,Online,H,5/10/2014,283679711,6/3/2014,5985,81.73,56.67,489154.05,339169.95,149984.1
Asia,Myanmar,Office Supplies,Online,C,5/27/2010,873158442,7/4/2010,5842,651.21,524.96,3804368.82,3066816.32,737552.5
Middle East and North Africa,Syria,Clothes,Online,M,9/30/2014,991941678,10/14/2014,6441,109.28,35.84,703872.48,230845.44,473027.04
Europe,Switzerland,Vegetables,Online,M,4/15/2010,890078246,5/24/2010,2787,154.06,90.93,429365.22,253421.91,175943.31
Sub-Saharan Africa,South Sudan,Clothes,Offline,L,4/7/2011,437929475,4/13/2011,1918,109.28,35.84,209599.04,68741.12,140857.92
Sub-Saharan Africa,Djibouti,Household,Offline,H,1/23/2014,476169192,1/25/2014,7900,668.27,502.54,5279333,3970066,1309267
Europe,Greece,Vegetables,Offline,M,2/15/2016,565783727,3/11/2016,6833,154.06,90.93,1052691.98,621324.69,431367.29
Europe,Montenegro,Vegetables,Online,M,3/5/2012,338071906,3/15/2012,1845,154.06,90.93,284240.7,167765.85,116474.85
Europe,United Kingdom,Snacks,Offline,H,2/23/2013,844645059,3/4/2013,8098,152.58,97.44,1235592.84,789069.12,446523.72
Central America and the Caribbean,Antigua and Barbuda ,Cosmetics,Online,M,2/9/2012,507427012,2/17/2012,7784,437.2,263.33,3403164.8,2049760.72,1353404.08
Europe,Italy,Vegetables,Online,C,10/5/2010,968654096,10/14/2010,5127,154.06,90.93,789865.62,466198.11,323667.51
Middle East and North Africa,Tunisia ,Household,Offline,H,8/31/2015,340875136,9/2/2015,1383,668.27,502.54,924217.41,695012.82,229204.59
Middle East and North Africa,Yemen,Beverages,Offline,H,9/19/2011,856951463,10/29/2011,9836,47.45,31.79,466718.2,312686.44,154031.76
Australia and Oceania,New Zealand,Cereal,Online,L,5/25/2011,320056903,6/7/2011,805,205.7,117.11,165588.5,94273.55,71314.95
Sub-Saharan Africa,Republic of the Congo,Cereal,Offline,C,2/1/2013,653677785,2/27/2013,6638,205.7,117.11,1365436.6,777376.18,588060.42
Europe,France,Personal Care,Offline,H,6/19/2012,251612937,7/11/2012,6714,81.73,56.67,548735.22,380482.38,168252.84
North America,Canada,Fruits,Offline,M,11/2/2013,727973687,11/8/2013,2446,9.33,6.92,22821.18,16926.32,5894.86
Europe,France,Snacks,Online,C,3/21/2011,167183864,4/14/2011,2275,152.58,97.44,347119.5,221676,125443.5
Sub-Saharan Africa,Ghana,Household,Offline,M,10/29/2014,773979794,12/1/2014,6676,668.27,502.54,4461370.52,3354957.04,1106413.48
Asia,Turkmenistan,Vegetables,Online,H,1/8/2017,323410308,2/4/2017,3152,154.06,90.93,485597.12,286611.36,198985.76
Sub-Saharan Africa,Comoros,Cereal,Online,L,3/25/2011,710836732,4/11/2011,1240,205.7,117.11,255068,145216.4,109851.6
Asia,Turkmenistan,Office Supplies,Offline,M,11/12/2010,301932895,11/12/2010,7508,651.21,524.96,4889284.68,3941399.68,947885
Australia and Oceania,East Timor,Vegetables,Offline,H,4/7/2015,682685124,5/14/2015,554,154.06,90.93,85349.24,50375.22,34974.02
Asia,Cambodia,Cosmetics,Online,M,6/23/2013,809392249,7/19/2013,6008,437.2,263.33,2626697.6,1582086.64,1044610.96
Middle East and North Africa,Oman,Clothes,Online,L,10/2/2010,158665597,11/1/2010,1531,109.28,35.84,167307.68,54871.04,112436.64
Sub-Saharan Africa,Democratic Republic of the Congo,Fruits,Online,H,3/13/2017,977428996,5/1/2017,1815,9.33,6.92,16933.95,12559.8,4374.15
Central America and the Caribbean,Jamaica,Office Supplies,Offline,L,9/10/2013,632918775,10/27/2013,3585,651.21,524.96,2334587.85,1881981.6,452606.25
Europe,Lithuania,Cosmetics,Offline,L,4/5/2016,162683761,5/1/2016,595,437.2,263.33,260134,156681.35,103452.65
Europe,Norway,Fruits,Online,C,9/12/2011,224585282,9/13/2011,8631,9.33,6.92,80527.23,59726.52,20800.71
Europe,Ukraine,Vegetables,Offline,C,5/13/2014,646797168,6/10/2014,510,154.06,90.93,78570.6,46374.3,32196.3
Middle East and North Africa,Tunisia ,Baby Food,Offline,M,12/22/2016,877805745,1/11/2017,1082,255.28,159.42,276212.96,172492.44,103720.52
Sub-Saharan Africa,Comoros,Clothes,Online,H,2/4/2017,436409842,3/11/2017,2225,109.28,35.84,243148,79744,163404
Sub-Saharan Africa,Mozambique,Baby Food,Online,C,5/9/2013,261720788,6/19/2013,7852,255.28,159.42,2004458.56,1251765.84,752692.72
Australia and Oceania,Australia,Cereal,Offline,L,10/18/2016,463162410,12/2/2016,8904,205.7,117.11,1831552.8,1042747.44,788805.36
Middle East and North Africa,Oman,Vegetables,Offline,C,10/29/2016,770471036,11/13/2016,8356,154.06,90.93,1287325.36,759811.08,527514.28
Europe,Czech Republic,Baby Food,Online,C,4/9/2015,983695495,4/20/2015,6212,255.28,159.42,1585799.36,990317.04,595482.32
Sub-Saharan Africa,Equatorial Guinea,Baby Food,Online,H,1/4/2015,523197114,1/9/2015,4507,255.28,159.42,1150546.96,718505.94,432041.02
Europe,France,Household,Online,C,3/19/2016,679649722,3/25/2016,2311,668.27,502.54,1544371.97,1161369.94,383002.03
Australia and Oceania,Fiji,Household,Offline,C,7/16/2012,564039647,8/24/2012,721,668.27,502.54,481822.67,362331.34,119491.33
Sub-Saharan Africa,Benin,Cosmetics,Online,L,1/27/2010,257665717,2/8/2010,7866,437.2,263.33,3439015.2,2071353.78,1367661.42
Central America and the Caribbean,Grenada,Clothes,Offline,L,12/17/2015,362139260,12/19/2015,3910,109.28,35.84,427284.8,140134.4,287150.4
Middle East and North Africa,Lebanon,Fruits,Online,H,11/27/2011,649384105,12/20/2011,6042,9.33,6.92,56371.86,41810.64,14561.22
Sub-Saharan Africa,Malawi,Fruits,Online,L,12/23/2010,511636579,2/10/2011,3488,9.33,6.92,32543.04,24136.96,8406.08
Asia,Turkmenistan,Office Supplies,Offline,C,12/11/2015,311445510,1/26/2016,2502,651.21,524.96,1629327.42,1313449.92,315877.5
Sub-Saharan Africa,Mozambique,Fruits,Offline,H,6/29/2015,931672227,8/9/2015,1371,9.33,6.92,12791.43,9487.32,3304.11
Sub-Saharan Africa,Swaziland,Cereal,Offline,C,9/26/2010,625490558,9/26/2010,5411,205.7,117.11,1113042.7,633682.21,479360.49
Middle East and North Africa,Pakistan,Fruits,Online,H,6/5/2011,866386830,6/8/2011,1971,9.33,6.92,18389.43,13639.32,4750.11
Asia,Uzbekistan,Cereal,Offline,H,1/8/2017,498159873,1/27/2017,5431,205.7,117.11,1117156.7,636024.41,481132.29
Sub-Saharan Africa,Mali,Clothes,Online,C,11/22/2012,684921014,12/19/2012,2203,109.28,35.84,240743.84,78955.52,161788.32
Sub-Saharan Africa,Mauritania,Vegetables,Online,C,12/29/2011,861094081,2/14/2012,5729,154.06,90.93,882609.74,520937.97,361671.77
Central America and the Caribbean,Honduras,Beverages,Offline,H,3/7/2013,981415402,3/18/2013,1482,47.45,31.79,70320.9,47112.78,23208.12
Asia,Mongolia,Vegetables,Offline,C,8/7/2012,170933806,9/17/2012,1967,154.06,90.93,303036.02,178859.31,124176.71
Australia and Oceania,New Zealand,Meat,Online,L,1/13/2015,775010621,2/2/2015,1720,421.89,364.69,725650.8,627266.8,98384
Europe,Ireland,Vegetables,Online,H,12/19/2014,709319674,1/9/2015,2309,154.06,90.93,355724.54,209957.37,145767.17
Europe,Ireland,Vegetables,Offline,C,7/12/2015,209847295,8/10/2015,7333,154.06,90.93,1129721.98,666789.69,462932.29
Europe,Iceland,Office Supplies,Online,H,2/10/2017,482892310,3/1/2017,7420,651.21,524.96,4831978.2,3895203.2,936775
Sub-Saharan Africa,Burundi,Snacks,Online,C,8/16/2013,555066049,9/12/2013,5233,152.58,97.44,798451.14,509903.52,288547.62
Australia and Oceania,Vanuatu,Fruits,Offline,C,5/18/2011,423292338,6/17/2011,464,9.33,6.92,4329.12,3210.88,1118.24
Australia and Oceania,Australia,Beverages,Online,M,3/8/2010,604807507,3/23/2010,4836,47.45,31.79,229468.2,153736.44,75731.76
Europe,Malta,Office Supplies,Online,L,9/15/2014,787160384,9/25/2014,7105,651.21,524.96,4626847.05,3729840.8,897006.25
Europe,Italy,Clothes,Offline,M,7/13/2015,278212296,7/19/2015,8056,109.28,35.84,880359.68,288727.04,591632.64
Asia,Maldives,Fruits,Online,C,8/28/2015,256137073,9/28/2015,5507,9.33,6.92,51380.31,38108.44,13271.87
Central America and the Caribbean,Saint Kitts and Nevis ,Snacks,Online,L,8/3/2011,619421041,8/30/2011,9306,152.58,97.44,1419909.48,906776.64,513132.84
Central America and the Caribbean,Panama,Household,Offline,L,3/30/2012,436863029,4/22/2012,6333,668.27,502.54,4232153.91,3182585.82,1049568.09
Europe,Serbia,Personal Care,Online,H,6/19/2012,197574365,7/4/2012,5500,81.73,56.67,449515,311685,137830
Asia,Cambodia,Personal Care,Offline,M,12/14/2011,460978877,1/16/2012,2749,81.73,56.67,224675.77,155785.83,68889.94
Australia and Oceania,New Zealand,Fruits,Offline,C,6/15/2011,506812894,7/7/2011,6053,9.33,6.92,56474.49,41886.76,14587.73
Europe,Lithuania,Office Supplies,Online,C,8/1/2016,585125243,8/17/2016,417,651.21,524.96,271554.57,218908.32,52646.25
Europe,Hungary,Personal Care,Online,H,4/20/2011,566277253,5/1/2011,2878,81.73,56.67,235218.94,163096.26,72122.68
Middle East and North Africa,Qatar,Meat,Online,M,9/12/2014,390942752,10/25/2014,7503,421.89,364.69,3165440.67,2736269.07,429171.6
Middle East and North Africa,Yemen,Vegetables,Offline,C,8/24/2016,520108067,9/2/2016,390,154.06,90.93,60083.4,35462.7,24620.7
Middle East and North Africa,Algeria,Snacks,Offline,C,11/17/2011,585072028,1/2/2012,4670,152.58,97.44,712548.6,455044.8,257503.8
Europe,Norway,Beverages,Online,L,4/26/2011,737445962,4/29/2011,5503,47.45,31.79,261117.35,174940.37,86176.98
Asia,Taiwan,Cosmetics,Online,C,8/11/2015,299153697,8/30/2015,5082,437.2,263.33,2221850.4,1338243.06,883607.34
Australia and Oceania,Solomon Islands,Meat,Offline,L,4/25/2011,912431561,6/10/2011,7630,421.89,364.69,3219020.7,2782584.7,436436
Europe,Armenia,Cereal,Online,H,7/21/2012,689828383,8/11/2012,4403,205.7,117.11,905697.1,515635.33,390061.77
Asia,Vietnam,Snacks,Offline,M,10/24/2011,964205491,12/12/2011,8686,152.58,97.44,1325309.88,846363.84,478946.04
Asia,Mongolia,Snacks,Offline,C,12/24/2013,438736712,1/12/2014,798,152.58,97.44,121758.84,77757.12,44001.72
Europe,Spain,Clothes,Offline,M,6/16/2017,136908376,7/25/2017,3086,109.28,35.84,337238.08,110602.24,226635.84
Middle East and North Africa,Jordan,Office Supplies,Online,H,5/2/2010,252519309,6/20/2010,4930,651.21,524.96,3210465.3,2588052.8,622412.5
Sub-Saharan Africa,Rwanda,Personal Care,Online,L,1/26/2012,599680840,1/30/2012,7742,81.73,56.67,632753.66,438739.14,194014.52
North America,Greenland,Clothes,Offline,L,9/2/2016,162816798,9/3/2016,9964,109.28,35.84,1088865.92,357109.76,731756.16
Middle East and North Africa,Saudi Arabia,Office Supplies,Online,H,8/26/2011,246663510,10/12/2011,2069,651.21,524.96,1347353.49,1086142.24,261211.25
Europe,Belgium,Cosmetics,Offline,L,1/30/2012,426269805,3/7/2012,1563,437.2,263.33,683343.6,411584.79,271758.81
Australia and Oceania,Papua New Guinea,Fruits,Offline,M,5/20/2011,796997010,6/19/2011,7981,9.33,6.92,74462.73,55228.52,19234.21
Sub-Saharan Africa,Tanzania,Cereal,Offline,L,5/27/2015,624518954,6/19/2015,7892,205.7,117.11,1623384.4,924232.12,699152.28
Central America and the Caribbean,El Salvador,Household,Offline,C,11/27/2015,594821965,12/25/2015,9893,668.27,502.54,6611195.11,4971628.22,1639566.89
Australia and Oceania,Vanuatu,Office Supplies,Offline,L,1/30/2017,564204871,3/15/2017,9614,651.21,524.96,6260732.94,5046965.44,1213767.5
Sub-Saharan Africa,Zimbabwe,Cosmetics,Offline,M,8/12/2016,909279000,9/12/2016,4717,437.2,263.33,2062272.4,1242127.61,820144.79
North America,Mexico,Baby Food,Offline,M,1/12/2017,276968181,2/23/2017,9894,255.28,159.42,2525740.32,1577301.48,948438.84
Australia and Oceania,Solomon Islands,Snacks,Offline,L,5/13/2014,534508740,6/22/2014,1869,152.58,97.44,285172.02,182115.36,103056.66
Sub-Saharan Africa,Chad,Office Supplies,Offline,M,1/21/2017,919449508,2/17/2017,4396,651.21,524.96,2862719.16,2307724.16,554995
Asia,Nepal,Meat,Online,H,11/28/2011,289651811,12/15/2011,3262,421.89,364.69,1376205.18,1189618.78,186586.4
Sub-Saharan Africa,Uganda,Beverages,Offline,C,4/13/2013,273289477,4/29/2013,1284,47.45,31.79,60925.8,40818.36,20107.44
Sub-Saharan Africa,Malawi,Baby Food,Offline,M,11/21/2013,318848836,12/31/2013,3311,255.28,159.42,845232.08,527839.62,317392.46
Sub-Saharan Africa,Mozambique,Office Supplies,Offline,C,4/18/2011,845128715,6/1/2011,1222,651.21,524.96,795778.62,641501.12,154277.5
Sub-Saharan Africa,Uganda,Personal Care,Online,M,9/13/2011,991240441,10/29/2011,8929,81.73,56.67,729767.17,506006.43,223760.74
Europe,Ireland,Snacks,Offline,H,1/4/2011,866607844,1/7/2011,7374,152.58,97.44,1125124.92,718522.56,406602.36
Europe,Portugal,Office Supplies,Online,H,10/9/2013,200967252,11/15/2013,9531,651.21,524.96,6206682.51,5003393.76,1203288.75
Sub-Saharan Africa,Gabon,Personal Care,Online,C,3/26/2014,594367492,3/28/2014,5404,81.73,56.67,441668.92,306244.68,135424.24
Sub-Saharan Africa,Ghana,Office Supplies,Offline,M,4/13/2015,567169892,5/8/2015,7030,651.21,524.96,4578006.3,3690468.8,887537.5
Europe,Iceland,Cereal,Offline,C,1/31/2017,510048282,2/11/2017,3476,205.7,117.11,715013.2,407074.36,307938.84
Europe,Greece,Vegetables,Offline,H,4/20/2013,433988988,5/27/2013,5841,154.06,90.93,899864.46,531122.13,368742.33
Sub-Saharan Africa,Zambia,Fruits,Offline,L,1/5/2010,420290839,1/16/2010,2254,9.33,6.92,21029.82,15597.68,5432.14
Asia,Laos,Office Supplies,Online,C,5/14/2014,170565164,5/25/2014,2877,651.21,524.96,1873531.17,1510309.92,363221.25
Europe,Belarus,Snacks,Offline,M,8/24/2015,356735789,10/11/2015,4902,152.58,97.44,747947.16,477650.88,270296.28
Australia and Oceania,Australia,Baby Food,Online,H,10/7/2011,371039044,11/25/2011,7553,255.28,159.42,1928129.84,1204099.26,724030.58
Sub-Saharan Africa,Cape Verde,Meat,Online,M,1/26/2013,576023757,2/23/2013,7085,421.89,364.69,2989090.65,2583828.65,405262
Middle East and North Africa,Qatar,Clothes,Online,C,10/27/2015,954551255,11/9/2015,1784,109.28,35.84,194955.52,63938.56,131016.96
North America,Mexico,Office Supplies,Offline,C,7/23/2013,659795367,8/13/2013,6966,651.21,524.96,4536328.86,3656871.36,879457.5
North America,Mexico,Meat,Online,M,1/12/2016,265242421,2/12/2016,9982,421.89,364.69,4211305.98,3640335.58,570970.4
Europe,Ukraine,Personal Care,Online,L,2/15/2015,414691245,2/24/2015,5210,81.73,56.67,425813.3,295250.7,130562.6
Central America and the Caribbean,Trinidad and Tobago,Household,Offline,L,5/12/2011,472253167,6/20/2011,9062,668.27,502.54,6055862.74,4554017.48,1501845.26
North America,Canada,Beverages,Offline,H,2/10/2010,772352015,3/21/2010,4980,47.45,31.79,236301,158314.2,77986.8
Central America and the Caribbean,Jamaica,Fruits,Offline,L,3/29/2010,369724118,5/8/2010,8438,9.33,6.92,78726.54,58390.96,20335.58
Sub-Saharan Africa,Guinea-Bissau,Clothes,Online,C,6/20/2015,189418303,7/4/2015,1940,109.28,35.84,212003.2,69529.6,142473.6
Sub-Saharan Africa,Ethiopia,Fruits,Offline,H,6/4/2015,776795899,7/21/2015,24,9.33,6.92,223.92,166.08,57.84
Sub-Saharan Africa,Botswana,Personal Care,Offline,H,3/2/2012,947530734,3/9/2012,4255,81.73,56.67,347761.15,241130.85,106630.3
Central America and the Caribbean,Costa Rica,Vegetables,Offline,M,5/27/2016,937609136,7/1/2016,8234,154.06,90.93,1268530.04,748717.62,519812.42
Sub-Saharan Africa,Swaziland,Fruits,Offline,H,5/20/2013,153329932,5/20/2013,2589,9.33,6.92,24155.37,17915.88,6239.49
Sub-Saharan Africa,Zimbabwe,Snacks,Offline,M,2/24/2012,321304452,4/7/2012,9982,152.58,97.44,1523053.56,972646.08,550407.48
Europe,Georgia,Household,Online,C,6/13/2011,538456523,7/20/2011,106,668.27,502.54,70836.62,53269.24,17567.38
Sub-Saharan Africa,Mali,Baby Food,Online,H,2/2/2011,422022473,2/24/2011,4683,255.28,159.42,1195476.24,746563.86,448912.38
Middle East and North Africa,Tunisia ,Fruits,Offline,C,9/28/2015,559551131,10/23/2015,2469,9.33,6.92,23035.77,17085.48,5950.29
Central America and the Caribbean,The Bahamas,Personal Care,Online,M,12/24/2015,258903825,1/29/2016,4250,81.73,56.67,347352.5,240847.5,106505
Asia,Bangladesh,Vegetables,Online,L,10/23/2014,698254382,11/26/2014,7843,154.06,90.93,1208292.58,713163.99,495128.59
Sub-Saharan Africa,Democratic Republic of the Congo,Office Supplies,Offline,M,4/23/2016,876089131,5/3/2016,3097,651.21,524.96,2016797.37,1625801.12,390996.25
Europe,Andorra,Baby Food,Offline,C,4/2/2014,761206901,5/18/2014,6892,255.28,159.42,1759389.76,1098722.64,660667.12
Asia,Nepal,Clothes,Offline,H,1/19/2011,842719018,2/22/2011,8139,109.28,35.84,889429.92,291701.76,597728.16
Asia,Bhutan,Beverages,Offline,M,12/22/2013,780049312,12/28/2013,2781,47.45,31.79,131958.45,88407.99,43550.46
Sub-Saharan Africa,Cote d'Ivoire,Beverages,Offline,C,3/16/2016,752934110,3/23/2016,8790,47.45,31.79,417085.5,279434.1,137651.4
Europe,Hungary,Household,Offline,L,10/14/2015,111422240,11/4/2015,1172,668.27,502.54,783212.44,588976.88,194235.56
Australia and Oceania,Australia,Personal Care,Online,C,10/22/2011,525875031,12/6/2011,6963,81.73,56.67,569085.99,394593.21,174492.78
Sub-Saharan Africa,Lesotho,Meat,Online,H,10/21/2015,136966311,11/2/2015,230,421.89,364.69,97034.7,83878.7,13156
Middle East and North Africa,Qatar,Personal Care,Online,L,1/26/2010,305682408,2/16/2010,7072,81.73,56.67,577994.56,400770.24,177224.32
Australia and Oceania,Fiji,Meat,Offline,L,1/20/2012,663322150,1/29/2012,620,421.89,364.69,261571.8,226107.8,35464
Europe,Norway,Fruits,Online,M,7/14/2017,461496865,8/9/2017,6033,9.33,6.92,56287.89,41748.36,14539.53
Sub-Saharan Africa,Equatorial Guinea,Vegetables,Offline,C,1/5/2012,822130382,1/13/2012,5504,154.06,90.93,847946.24,500478.72,347467.52
Central America and the Caribbean,Panama,Clothes,Offline,C,5/3/2012,687459027,5/12/2012,3258,109.28,35.84,356034.24,116766.72,239267.52
Europe,Iceland,Household,Online,M,6/29/2017,870031630,7/16/2017,548,668.27,502.54,366211.96,275391.92,90820.04
Asia,Mongolia,Baby Food,Online,L,5/18/2012,902709519,6/22/2012,662,255.28,159.42,168995.36,105536.04,63459.32
Europe,Albania,Clothes,Online,L,1/15/2017,388666522,1/19/2017,3916,109.28,35.84,427940.48,140349.44,287591.04
Europe,France,Personal Care,Online,M,9/22/2014,351388967,10/22/2014,2659,81.73,56.67,217320.07,150685.53,66634.54
Asia,Singapore,Meat,Offline,H,3/31/2016,984675681,4/2/2016,6271,421.89,364.69,2645672.19,2286970.99,358701.2
Middle East and North Africa,Qatar,Baby Food,Offline,H,10/9/2010,302637994,11/9/2010,6163,255.28,159.42,1573290.64,982505.46,590785.18
Sub-Saharan Africa,Madagascar,Snacks,Online,M,1/11/2015,889699733,1/18/2015,777,152.58,97.44,118554.66,75710.88,42843.78
Sub-Saharan Africa,Guinea-Bissau,Vegetables,Online,M,7/9/2016,450597226,8/18/2016,587,154.06,90.93,90433.22,53375.91,37057.31
Europe,United Kingdom,Cosmetics,Offline,H,3/9/2015,360379302,4/2/2015,3099,437.2,263.33,1354882.8,816059.67,538823.13
Europe,Austria,Personal Care,Offline,M,1/4/2012,714407289,1/24/2012,7847,81.73,56.67,641335.31,444689.49,196645.82
Sub-Saharan Africa,Republic of the Congo,Snacks,Online,H,11/3/2012,778355014,11/27/2012,1400,152.58,97.44,213612,136416,77196
Europe,Cyprus,Fruits,Online,C,1/7/2017,338208806,2/24/2017,2356,9.33,6.92,21981.48,16303.52,5677.96
Asia,Japan,Beverages,Online,H,8/3/2013,150267493,9/11/2013,6345,47.45,31.79,301070.25,201707.55,99362.7
Sub-Saharan Africa,Burkina Faso,Snacks,Offline,L,5/18/2015,591142404,5/29/2015,1029,152.58,97.44,157004.82,100265.76,56739.06
Europe,Monaco,Baby Food,Offline,H,5/4/2017,307757365,5/17/2017,1098,255.28,159.42,280297.44,175043.16,105254.28
Europe,Liechtenstein,Office Supplies,Offline,C,7/5/2015,267348706,7/16/2015,3278,651.21,524.96,2134666.38,1720818.88,413847.5
Asia,Kyrgyzstan,Snacks,Offline,M,10/3/2010,607465255,10/8/2010,1323,152.58,97.44,201863.34,128913.12,72950.22
Sub-Saharan Africa,Madagascar,Baby Food,Offline,C,8/4/2012,185968339,8/15/2012,1019,255.28,159.42,260130.32,162448.98,97681.34
Europe,Germany,Personal Care,Offline,M,9/2/2012,631031787,10/5/2012,5184,81.73,56.67,423688.32,293777.28,129911.04
Europe,Luxembourg,Cosmetics,Online,L,4/11/2011,491141927,5/19/2011,8665,437.2,263.33,3788338,2281754.45,1506583.55
Australia and Oceania,Vanuatu,Vegetables,Online,C,7/17/2013,185097587,8/16/2013,3344,154.06,90.93,515176.64,304069.92,211106.72
Asia,North Korea,Vegetables,Online,M,7/10/2010,652010095,8/8/2010,3131,154.06,90.93,482361.86,284701.83,197660.03
Sub-Saharan Africa,Togo,Clothes,Offline,L,4/9/2013,201303279,5/20/2013,8968,109.28,35.84,980023.04,321413.12,658609.92
Sub-Saharan Africa,Ghana,Household,Offline,L,3/10/2011,362713468,4/15/2011,3830,668.27,502.54,2559474.1,1924728.2,634745.9
Middle East and North Africa,Syria,Office Supplies,Offline,M,9/1/2013,936289489,9/23/2013,7721,651.21,524.96,5027992.41,4053216.16,974776.25
Sub-Saharan Africa,Sao Tome and Principe,Cereal,Offline,L,1/10/2016,442392671,2/1/2016,2677,205.7,117.11,550658.9,313503.47,237155.43
Europe,Portugal,Household,Online,H,11/8/2010,171696841,12/23/2010,7766,668.27,502.54,5189784.82,3902725.64,1287059.18
Sub-Saharan Africa,Seychelles ,Cosmetics,Online,M,7/14/2014,135188329,7/27/2014,4086,437.2,263.33,1786399.2,1075966.38,710432.82
Middle East and North Africa,Oman,Meat,Online,H,6/4/2010,414165961,7/13/2010,9766,421.89,364.69,4120177.74,3561562.54,558615.2
Central America and the Caribbean,El Salvador,Office Supplies,Offline,H,3/31/2013,710241067,5/18/2013,4970,651.21,524.96,3236513.7,2609051.2,627462.5
Europe,Netherlands,Household,Online,H,4/14/2012,795337474,4/15/2012,6888,668.27,502.54,4603043.76,3461495.52,1141548.24
Asia,Sri Lanka,Snacks,Online,C,1/10/2013,961691510,2/6/2013,4744,152.58,97.44,723839.52,462255.36,261584.16
Europe,Cyprus,Household,Offline,H,9/3/2010,671852004,10/12/2010,4793,668.27,502.54,3203018.11,2408674.22,794343.89
Sub-Saharan Africa,Central African Republic,Meat,Offline,C,8/16/2016,808680284,8/30/2016,5321,421.89,364.69,2244876.69,1940515.49,304361.2
Middle East and North Africa,United Arab Emirates,Beverages,Online,H,11/8/2016,525350177,11/28/2016,1647,47.45,31.79,78150.15,52358.13,25792.02
Sub-Saharan Africa,Zimbabwe,Baby Food,Offline,C,7/15/2013,395348012,8/20/2013,1117,255.28,159.42,285147.76,178072.14,107075.62
Australia and Oceania,Nauru,Fruits,Online,L,9/14/2013,162472617,10/12/2013,8113,9.33,6.92,75694.29,56141.96,19552.33
Central America and the Caribbean,Barbados,Clothes,Online,C,4/20/2010,990835320,5/19/2010,9045,109.28,35.84,988437.6,324172.8,664264.8
Europe,Cyprus,Personal Care,Offline,L,4/11/2016,514859950,4/18/2016,7355,81.73,56.67,601124.15,416807.85,184316.3
Sub-Saharan Africa,Cape Verde,Clothes,Online,L,5/8/2015,489282834,6/24/2015,8518,109.28,35.84,930847.04,305285.12,625561.92
North America,Canada,Office Supplies,Offline,H,3/27/2011,939152801,4/12/2011,5039,651.21,524.96,3281447.19,2645273.44,636173.75
Central America and the Caribbean,El Salvador,Cosmetics,Online,C,4/14/2016,609831178,4/14/2016,1452,437.2,263.33,634814.4,382355.16,252459.24
Asia,China,Baby Food,Offline,H,6/1/2017,116991794,6/24/2017,9326,255.28,159.42,2380741.28,1486750.92,893990.36
Sub-Saharan Africa,Niger,Office Supplies,Offline,C,3/8/2010,596620976,3/26/2010,2260,651.21,524.96,1471734.6,1186409.6,285325
Europe,Portugal,Vegetables,Online,M,2/16/2010,555017554,2/26/2010,883,154.06,90.93,136034.98,80291.19,55743.79
Middle East and North Africa,Libya,Cereal,Online,H,2/24/2011,818792855,4/1/2011,7856,205.7,117.11,1615979.2,920016.16,695963.04
Sub-Saharan Africa,Guinea-Bissau,Fruits,Offline,M,12/29/2011,484870707,1/20/2012,2872,9.33,6.92,26795.76,19874.24,6921.52
Sub-Saharan Africa,The Gambia,Cosmetics,Offline,H,6/21/2012,970487439,6/28/2012,7654,437.2,263.33,3346328.8,2015527.82,1330800.98
Asia,Vietnam,Fruits,Offline,L,3/31/2017,163191878,4/17/2017,958,9.33,6.92,8938.14,6629.36,2308.78
Sub-Saharan Africa,Madagascar,Household,Offline,C,11/24/2016,970845353,1/7/2017,3569,668.27,502.54,2385055.63,1793565.26,591490.37
Australia and Oceania,Tonga,Household,Online,C,6/9/2014,971621692,6/24/2014,3305,668.27,502.54,2208632.35,1660894.7,547737.65
Sub-Saharan Africa,Sierra Leone,Cosmetics,Online,H,12/7/2013,964007222,12/29/2013,14,437.2,263.33,6120.8,3686.62,2434.18
Australia and Oceania,Solomon Islands,Office Supplies,Online,L,9/25/2016,916800773,11/11/2016,577,651.21,524.96,375748.17,302901.92,72846.25
Sub-Saharan Africa,Guinea,Cosmetics,Offline,L,2/9/2010,419113671,3/12/2010,3904,437.2,263.33,1706828.8,1028040.32,678788.48
Asia,South Korea,Office Supplies,Online,C,6/21/2016,930369746,6/28/2016,5938,651.21,524.96,3866884.98,3117212.48,749672.5
Central America and the Caribbean,Barbados,Clothes,Online,C,11/10/2013,830305325,12/1/2013,4652,109.28,35.84,508370.56,166727.68,341642.88
Europe,Kosovo,Cereal,Online,C,6/16/2015,368969237,6/21/2015,5051,205.7,117.11,1038990.7,591522.61,447468.09
North America,Greenland,Snacks,Offline,C,10/15/2012,316722810,10/21/2012,4173,152.58,97.44,636716.34,406617.12,230099.22
Europe,Liechtenstein,Household,Offline,H,5/20/2017,614239871,5/29/2017,6082,668.27,502.54,4064418.14,3056448.28,1007969.86
Middle East and North Africa,Turkey,Baby Food,Offline,L,7/17/2011,822506749,7/28/2011,6880,255.28,159.42,1756326.4,1096809.6,659516.8
Sub-Saharan Africa,Guinea,Vegetables,Online,L,9/12/2012,572822272,9/13/2012,9695,154.06,90.93,1493611.7,881566.35,612045.35
Europe,Switzerland,Snacks,Online,M,8/26/2016,916797769,9/22/2016,9688,152.58,97.44,1478195.04,943998.72,534196.32
Europe,Macedonia,Clothes,Online,H,6/18/2016,276357066,7/14/2016,9052,109.28,35.84,989202.56,324423.68,664778.88
Europe,France,Fruits,Online,H,11/1/2013,293736493,11/2/2013,2011,9.33,6.92,18762.63,13916.12,4846.51
North America,Canada,Meat,Offline,C,5/1/2015,881484878,6/12/2015,9819,421.89,364.69,4142537.91,3580891.11,561646.8
Asia,Mongolia,Vegetables,Online,M,6/2/2013,672463548,6/2/2013,5762,154.06,90.93,887693.72,523938.66,363755.06
Europe,United Kingdom,Snacks,Offline,M,12/31/2012,169846332,1/17/2013,159,152.58,97.44,24260.22,15492.96,8767.26
Middle East and North Africa,Turkey,Household,Offline,L,6/19/2012,397119557,8/7/2012,5357,668.27,502.54,3579922.39,2692106.78,887815.61
Asia,Malaysia,Clothes,Online,L,1/23/2015,648082053,2/28/2015,736,109.28,35.84,80430.08,26378.24,54051.84
Sub-Saharan Africa,Benin,Household,Online,C,7/9/2017,736845147,8/13/2017,7708,668.27,502.54,5151025.16,3873578.32,1277446.84
Asia,Sri Lanka,Cosmetics,Online,M,11/9/2013,547832667,12/20/2013,4715,437.2,263.33,2061398,1241600.95,819797.05
Europe,Iceland,Meat,Offline,C,4/18/2014,485780942,4/28/2014,2231,421.89,364.69,941236.59,813623.39,127613.2
Sub-Saharan Africa,Mauritania,Office Supplies,Online,H,3/10/2011,125738799,4/19/2011,7760,651.21,524.96,5053389.6,4073689.6,979700
Sub-Saharan Africa,Botswana,Baby Food,Online,L,2/8/2013,463067567,3/19/2013,838,255.28,159.42,213924.64,133593.96,80330.68
Central America and the Caribbean,El Salvador,Snacks,Online,H,10/2/2010,763441073,10/5/2010,8034,152.58,97.44,1225827.72,782832.96,442994.76
Asia,Taiwan,Beverages,Online,M,1/13/2011,812845647,2/27/2011,7945,47.45,31.79,376990.25,252571.55,124418.7
Middle East and North Africa,Afghanistan,Personal Care,Online,H,7/27/2010,467580115,8/8/2010,6202,81.73,56.67,506889.46,351467.34,155422.12
Europe,Spain,Personal Care,Online,H,8/12/2014,104255807,8/30/2014,465,81.73,56.67,38004.45,26351.55,11652.9
Europe,Ireland,Fruits,Online,M,7/20/2010,169796550,8/2/2010,5427,9.33,6.92,50633.91,37554.84,13079.07
Sub-Saharan Africa,Sudan,Cosmetics,Online,L,2/15/2017,731438672,2/25/2017,7812,437.2,263.33,3415406.4,2057133.96,1358272.44
Europe,Serbia,Office Supplies,Offline,C,6/30/2012,126731002,7/12/2012,1375,651.21,524.96,895413.75,721820,173593.75
Central America and the Caribbean,The Bahamas,Personal Care,Offline,C,10/2/2013,813534867,11/4/2013,1901,81.73,56.67,155368.73,107729.67,47639.06
Sub-Saharan Africa,South Sudan,Meat,Online,H,7/15/2012,820024096,8/12/2012,2208,421.89,364.69,931533.12,805235.52,126297.6
Asia,Mongolia,Meat,Online,H,9/16/2016,494685018,9/30/2016,7145,421.89,364.69,3014404.05,2605710.05,408694
Middle East and North Africa,Saudi Arabia,Vegetables,Online,H,4/5/2016,256316459,5/20/2016,8591,154.06,90.93,1323529.46,781179.63,542349.83
Middle East and North Africa,Turkey,Vegetables,Online,M,5/22/2017,144029748,7/2/2017,458,154.06,90.93,70559.48,41645.94,28913.54
Europe,Serbia,Snacks,Offline,L,1/3/2016,267248713,1/9/2016,3688,152.58,97.44,562715.04,359358.72,203356.32
Asia,Thailand,Cereal,Online,L,8/25/2016,355709683,9/7/2016,1255,205.7,117.11,258153.5,146973.05,111180.45
Sub-Saharan Africa,Madagascar,Office Supplies,Offline,H,7/29/2013,209461486,8/18/2013,3163,651.21,524.96,2059777.23,1660448.48,399328.75
Australia and Oceania,Vanuatu,Snacks,Offline,M,3/30/2017,148865449,5/17/2017,1449,152.58,97.44,221088.42,141190.56,79897.86
Central America and the Caribbean,Guatemala,Meat,Offline,C,9/2/2012,564595401,9/7/2012,5181,421.89,364.69,2185812.09,1889458.89,296353.2
Europe,Macedonia,Cosmetics,Online,H,3/28/2016,567637670,4/14/2016,5455,437.2,263.33,2384926,1436465.15,948460.85
Central America and the Caribbean,Dominica,Beverages,Offline,C,4/23/2011,239291083,6/7/2011,404,47.45,31.79,19169.8,12843.16,6326.64
Middle East and North Africa,Israel,Meat,Online,H,8/7/2012,181166970,8/19/2012,187,421.89,364.69,78893.43,68197.03,10696.4
Sub-Saharan Africa,Angola,Household,Online,C,12/21/2016,165189158,1/23/2017,1998,668.27,502.54,1335203.46,1004074.92,331128.54
Europe,Germany,Baby Food,Online,C,10/6/2014,483593976,11/8/2014,5059,255.28,159.42,1291461.52,806505.78,484955.74
Asia,Bhutan,Cereal,Offline,M,4/26/2016,598930251,5/23/2016,5626,205.7,117.11,1157268.2,658860.86,498407.34
Middle East and North Africa,Qatar,Meat,Offline,M,4/30/2010,494059312,6/13/2010,1984,421.89,364.69,837029.76,723544.96,113484.8
Asia,Kazakhstan,Personal Care,Online,L,1/18/2013,222154986,3/7/2013,9452,81.73,56.67,772511.96,535644.84,236867.12
Europe,Germany,Household,Offline,L,7/8/2011,356703603,7/26/2011,5378,668.27,502.54,3593956.06,2702660.12,891295.94
Europe,Portugal,Cereal,Offline,L,10/2/2012,641503989,10/27/2012,4141,205.7,117.11,851803.7,484952.51,366851.19
North America,Greenland,Baby Food,Offline,M,4/15/2017,440667474,6/2/2017,2153,255.28,159.42,549617.84,343231.26,206386.58
Middle East and North Africa,Egypt,Meat,Offline,M,5/6/2015,988617885,5/11/2015,2856,421.89,364.69,1204917.84,1041554.64,163363.2
Sub-Saharan Africa,Mozambique,Meat,Offline,L,5/10/2013,440091550,6/10/2013,1724,421.89,364.69,727338.36,628725.56,98612.8
Europe,Georgia,Cosmetics,Online,C,1/18/2015,620137298,3/5/2015,1262,437.2,263.33,551746.4,332322.46,219423.94
Europe,Switzerland,Fruits,Offline,C,1/18/2010,274116456,2/20/2010,6006,9.33,6.92,56035.98,41561.52,14474.46
Europe,Montenegro,Personal Care,Offline,L,7/26/2015,917702853,8/11/2015,7523,81.73,56.67,614854.79,426328.41,188526.38
Middle East and North Africa,Azerbaijan,Clothes,Offline,C,1/3/2012,986882817,2/1/2012,9411,109.28,35.84,1028434.08,337290.24,691143.84
Asia,Nepal,Personal Care,Offline,C,12/1/2014,787955176,1/18/2015,2302,81.73,56.67,188142.46,130454.34,57688.12
Central America and the Caribbean,Barbados,Meat,Offline,M,8/15/2010,247531259,8/23/2010,8855,421.89,364.69,3735835.95,3229329.95,506506
Middle East and North Africa,Turkey,Baby Food,Online,H,1/4/2013,262534892,2/9/2013,8764,255.28,159.42,2237273.92,1397156.88,840117.04
Sub-Saharan Africa,Guinea-Bissau,Personal Care,Online,L,4/29/2014,450202405,5/19/2014,3751,81.73,56.67,306569.23,212569.17,94000.06
Asia,Nepal,Office Supplies,Online,L,8/27/2011,498082625,10/4/2011,2572,651.21,524.96,1674912.12,1350197.12,324715
Asia,Nepal,Beverages,Online,M,9/21/2010,614036881,10/21/2010,6013,47.45,31.79,285316.85,191153.27,94163.58
Asia,Indonesia,Cosmetics,Offline,M,7/16/2014,176239001,8/9/2014,1892,437.2,263.33,827182.4,498220.36,328962.04
Asia,Malaysia,Cosmetics,Online,M,1/12/2012,883175313,1/24/2012,56,437.2,263.33,24483.2,14746.48,9736.72
Sub-Saharan Africa,Gabon,Cereal,Online,M,2/13/2012,903644645,3/9/2012,7386,205.7,117.11,1519300.2,864974.46,654325.74
Europe,Switzerland,Clothes,Offline,M,3/19/2017,726758325,3/25/2017,2793,109.28,35.84,305219.04,100101.12,205117.92
Middle East and North Africa,Iran,Cereal,Online,M,11/14/2011,911940181,12/22/2011,2220,205.7,117.11,456654,259984.2,196669.8
Europe,Poland,Clothes,Online,M,12/27/2011,738926541,1/9/2012,3639,109.28,35.84,397669.92,130421.76,267248.16
Europe,Russia,Household,Offline,H,8/8/2015,457766234,8/25/2015,2056,668.27,502.54,1373963.12,1033222.24,340740.88
Middle East and North Africa,Oman,Cosmetics,Online,M,3/30/2014,838820588,5/15/2014,4507,437.2,263.33,1970460.4,1186828.31,783632.09
Asia,Mongolia,Cereal,Online,L,11/12/2011,922763431,12/16/2011,5060,205.7,117.11,1040842,592576.6,448265.4
Europe,Finland,Household,Offline,C,6/25/2013,270581090,7/25/2013,9812,668.27,502.54,6557065.24,4930922.48,1626142.76
Sub-Saharan Africa,Botswana,Office Supplies,Offline,C,10/27/2013,313572394,11/17/2013,1895,651.21,524.96,1234042.95,994799.2,239243.75
Central America and the Caribbean,Nicaragua,Meat,Online,C,3/29/2016,303348672,4/3/2016,6468,421.89,364.69,2728784.52,2358814.92,369969.6
Middle East and North Africa,Egypt,Vegetables,Offline,L,10/24/2013,461833751,11/15/2013,5725,154.06,90.93,881993.5,520574.25,361419.25
Asia,Turkmenistan,Beverages,Online,C,10/23/2015,631263959,11/14/2015,3888,47.45,31.79,184485.6,123599.52,60886.08
Sub-Saharan Africa,Ethiopia,Meat,Offline,L,8/22/2013,724188125,10/6/2013,2214,421.89,364.69,934064.46,807423.66,126640.8
Asia,Vietnam,Beverages,Offline,M,12/6/2014,273467576,1/19/2015,3988,47.45,31.79,189230.6,126778.52,62452.08
Sub-Saharan Africa,Niger,Cereal,Offline,L,1/2/2017,682276141,1/10/2017,9527,205.7,117.11,1959703.9,1115706.97,843996.93
Middle East and North Africa,Pakistan,Beverages,Offline,H,9/6/2010,274100148,10/22/2010,1180,47.45,31.79,55991,37512.2,18478.8
Asia,Sri Lanka,Fruits,Offline,M,5/8/2014,142738425,6/24/2014,8327,9.33,6.92,77690.91,57622.84,20068.07
Middle East and North Africa,Iran,Personal Care,Offline,C,3/4/2017,102302300,3/21/2017,2379,81.73,56.67,194435.67,134817.93,59617.74
Europe,Slovenia,Personal Care,Offline,C,2/27/2013,937215602,3/1/2013,1778,81.73,56.67,145315.94,100759.26,44556.68
Asia,Indonesia,Snacks,Offline,C,7/15/2012,352214658,7/24/2012,6999,152.58,97.44,1067907.42,681982.56,385924.86
Middle East and North Africa,Bahrain,Clothes,Offline,M,3/28/2015,622348296,5/1/2015,5546,109.28,35.84,606066.88,198768.64,407298.24
Asia,Taiwan,Clothes,Online,M,9/6/2014,942977845,10/11/2014,6954,109.28,35.84,759933.12,249231.36,510701.76
North America,Mexico,Baby Food,Offline,H,9/16/2016,579777133,9/26/2016,7792,255.28,159.42,1989141.76,1242200.64,746941.12
Australia and Oceania,Papua New Guinea,Snacks,Online,C,2/4/2013,218732488,2/24/2013,6659,152.58,97.44,1016030.22,648852.96,367177.26
Europe,Croatia,Office Supplies,Offline,M,8/6/2015,616142737,8/20/2015,9183,651.21,524.96,5980061.43,4820707.68,1159353.75
Europe,Italy,Personal Care,Online,C,4/27/2014,348619210,5/1/2014,3026,81.73,56.67,247314.98,171483.42,75831.56
Europe,Latvia,Personal Care,Offline,L,10/21/2011,763085734,12/1/2011,2881,81.73,56.67,235464.13,163266.27,72197.86
Europe,Moldova ,Cosmetics,Online,L,8/23/2011,126778638,9/30/2011,5471,437.2,263.33,2391921.2,1440678.43,951242.77
Australia and Oceania,Papua New Guinea,Fruits,Online,M,9/18/2014,377246749,11/4/2014,4551,9.33,6.92,42460.83,31492.92,10967.91
Europe,Kosovo,Office Supplies,Online,M,5/21/2015,372351396,6/24/2015,5907,651.21,524.96,3846697.47,3100938.72,745758.75
Europe,Poland,Personal Care,Offline,H,11/15/2012,840266406,11/16/2012,2357,81.73,56.67,192637.61,133571.19,59066.42
Sub-Saharan Africa,Mozambique,Cereal,Offline,C,1/16/2015,329478108,2/3/2015,8749,205.7,117.11,1799669.3,1024595.39,775073.91
North America,Canada,Personal Care,Online,L,11/18/2011,158785331,12/26/2011,6963,81.73,56.67,569085.99,394593.21,174492.78
Europe,Vatican City,Office Supplies,Offline,C,2/27/2017,367299401,3/29/2017,910,651.21,524.96,592601.1,477713.6,114887.5
Asia,Thailand,Cereal,Offline,C,8/22/2011,164444148,8/22/2011,1533,205.7,117.11,315338.1,179529.63,135808.47
Central America and the Caribbean,Antigua and Barbuda ,Clothes,Online,L,1/5/2015,179955899,1/24/2015,1804,109.28,35.84,197141.12,64655.36,132485.76
Europe,Macedonia,Household,Online,H,12/16/2013,213883483,1/31/2014,1730,668.27,502.54,1156107.1,869394.2,286712.9
Middle East and North Africa,Libya,Snacks,Offline,M,5/12/2011,586588227,5/12/2011,3347,152.58,97.44,510685.26,326131.68,184553.58
Sub-Saharan Africa,Mozambique,Meat,Offline,C,12/17/2014,788743960,1/31/2015,5720,421.89,364.69,2413210.8,2086026.8,327184
Asia,Indonesia,Office Supplies,Offline,H,11/5/2010,831337010,11/5/2010,9950,651.21,524.96,6479539.5,5223352,1256187.5
Asia,Cambodia,Personal Care,Offline,C,8/31/2012,795666205,9/29/2012,4166,81.73,56.67,340487.18,236087.22,104399.96
Sub-Saharan Africa,Nigeria,Snacks,Online,H,6/5/2012,383342874,6/10/2012,8530,152.58,97.44,1301507.4,831163.2,470344.2
Australia and Oceania,Marshall Islands,Snacks,Offline,H,7/23/2014,266290843,9/4/2014,233,152.58,97.44,35551.14,22703.52,12847.62
Sub-Saharan Africa,Benin,Fruits,Online,H,12/21/2016,736746442,1/7/2017,8499,9.33,6.92,79295.67,58813.08,20482.59
Sub-Saharan Africa,Gabon,Household,Offline,C,11/13/2014,357258498,12/27/2014,9584,668.27,502.54,6404699.68,4816343.36,1588356.32
Sub-Saharan Africa,Mozambique,Personal Care,Online,C,1/30/2012,910688340,1/30/2012,1772,81.73,56.67,144825.56,100419.24,44406.32
Sub-Saharan Africa,Swaziland,Meat,Online,L,4/17/2017,650209796,4/19/2017,383,421.89,364.69,161583.87,139676.27,21907.6
Sub-Saharan Africa,Seychelles ,Meat,Online,C,7/16/2017,149309194,8/15/2017,2763,421.89,364.69,1165682.07,1007638.47,158043.6
Asia,China,Cosmetics,Online,H,4/11/2012,951785361,5/31/2012,3294,437.2,263.33,1440136.8,867409.02,572727.78
Central America and the Caribbean,Costa Rica,Office Supplies,Online,H,3/4/2017,621749627,4/17/2017,8386,651.21,524.96,5461047.06,4402314.56,1058732.5
Asia,Mongolia,Personal Care,Offline,M,11/18/2014,393625819,12/19/2014,1482,81.73,56.67,121123.86,83984.94,37138.92
Asia,Cambodia,Office Supplies,Online,H,11/3/2011,222150266,12/17/2011,8055,651.21,524.96,5245496.55,4228552.8,1016943.75
Middle East and North Africa,Saudi Arabia,Cosmetics,Online,L,10/5/2011,132371795,10/8/2011,610,437.2,263.33,266692,160631.3,106060.7
Europe,Slovakia,Meat,Online,M,11/10/2011,669651734,12/24/2011,3684,421.89,364.69,1554242.76,1343517.96,210724.8
Sub-Saharan Africa,Zimbabwe,Vegetables,Online,L,3/10/2014,649663913,4/16/2014,8844,154.06,90.93,1362506.64,804184.92,558321.72
North America,Mexico,Fruits,Online,M,4/21/2014,308394658,5/10/2014,9687,9.33,6.92,90379.71,67034.04,23345.67
Sub-Saharan Africa,Madagascar,Baby Food,Online,L,8/9/2012,852142798,8/22/2012,6845,255.28,159.42,1747391.6,1091229.9,656161.7
Australia and Oceania,Solomon Islands,Cereal,Online,L,7/26/2010,407519662,8/3/2010,2979,205.7,117.11,612780.3,348870.69,263909.61
Sub-Saharan Africa,Malawi,Baby Food,Online,H,7/3/2014,771449077,7/31/2014,7780,255.28,159.42,1986078.4,1240287.6,745790.8
Sub-Saharan Africa,Sao Tome and Principe,Cereal,Offline,H,8/26/2016,661167371,9/6/2016,2972,205.7,117.11,611340.4,348050.92,263289.48
Asia,Sri Lanka,Snacks,Online,H,2/8/2014,664223372,3/17/2014,7311,152.58,97.44,1115512.38,712383.84,403128.54
Europe,Norway,Vegetables,Offline,M,8/3/2012,988478410,9/16/2012,1582,154.06,90.93,243722.92,143851.26,99871.66
Asia,Vietnam,Snacks,Offline,C,2/11/2015,112106311,2/22/2015,3603,152.58,97.44,549745.74,351076.32,198669.42
Europe,Estonia,Vegetables,Offline,C,8/8/2010,633593404,9/8/2010,3223,154.06,90.93,496535.38,293067.39,203467.99
Central America and the Caribbean,Cuba,Beverages,Offline,C,7/19/2015,721738517,8/20/2015,7321,47.45,31.79,347381.45,232734.59,114646.86
Europe,Bulgaria,Meat,Offline,L,3/21/2017,865652978,3/31/2017,4808,421.89,364.69,2028447.12,1753429.52,275017.6
Europe,France,Beverages,Offline,M,4/25/2015,724760615,6/9/2015,1627,47.45,31.79,77201.15,51722.33,25478.82
Europe,Macedonia,Baby Food,Online,M,8/2/2010,478797757,9/4/2010,5751,255.28,159.42,1468115.28,916824.42,551290.86
Central America and the Caribbean,Jamaica,Office Supplies,Online,C,3/21/2016,377813231,3/27/2016,2186,651.21,524.96,1423545.06,1147562.56,275982.5
Australia and Oceania,Palau,Clothes,Offline,C,3/3/2016,292168366,3/16/2016,7967,109.28,35.84,870633.76,285537.28,585096.48
Sub-Saharan Africa,Mozambique,Household,Offline,H,5/23/2014,162536990,6/30/2014,7162,668.27,502.54,4786149.74,3599191.48,1186958.26
Europe,Slovenia,Office Supplies,Offline,L,11/25/2015,449905431,12/22/2015,5870,651.21,524.96,3822602.7,3081515.2,741087.5
Central America and the Caribbean,Panama,Personal Care,Online,L,6/2/2015,785572516,6/21/2015,7220,81.73,56.67,590090.6,409157.4,180933.2
Sub-Saharan Africa,Mauritania,Office Supplies,Offline,L,4/22/2016,421149575,5/4/2016,6373,651.21,524.96,4150161.33,3345570.08,804591.25
Australia and Oceania,Samoa ,Cereal,Online,M,8/21/2011,478560435,10/6/2011,5522,205.7,117.11,1135875.4,646681.42,489193.98
Australia and Oceania,Papua New Guinea,Snacks,Online,C,9/6/2010,800041425,9/26/2010,8891,152.58,97.44,1356588.78,866339.04,490249.74
Asia,India,Household,Online,C,6/4/2012,398141372,6/30/2012,7734,668.27,502.54,5168400.18,3886644.36,1281755.82
Europe,Albania,Personal Care,Online,C,12/1/2016,605721604,12/15/2016,5338,81.73,56.67,436274.74,302504.46,133770.28
Middle East and North Africa,Morocco,Personal Care,Online,M,11/29/2013,125955951,12/27/2013,2020,81.73,56.67,165094.6,114473.4,50621.2
Middle East and North Africa,Turkey,Office Supplies,Offline,C,12/10/2016,882330739,12/31/2016,128,651.21,524.96,83354.88,67194.88,16160
Middle East and North Africa,Libya,Snacks,Offline,L,2/10/2014,368644797,3/17/2014,9042,152.58,97.44,1379628.36,881052.48,498575.88
Sub-Saharan Africa,Equatorial Guinea,Personal Care,Offline,M,4/18/2017,199009454,5/16/2017,175,81.73,56.67,14302.75,9917.25,4385.5
Australia and Oceania,Kiribati,Fruits,Offline,L,12/7/2012,257848536,1/18/2013,1967,9.33,6.92,18352.11,13611.64,4740.47
Sub-Saharan Africa,The Gambia,Vegetables,Online,C,4/4/2011,949898374,5/10/2011,4892,154.06,90.93,753661.52,444829.56,308831.96
Central America and the Caribbean,Costa Rica,Vegetables,Online,C,3/10/2012,950207793,3/15/2012,6457,154.06,90.93,994765.42,587135.01,407630.41
Central America and the Caribbean,Jamaica,Personal Care,Offline,M,9/22/2016,354138123,10/1/2016,6195,81.73,56.67,506317.35,351070.65,155246.7
Central America and the Caribbean,Antigua and Barbuda ,Office Supplies,Offline,L,7/27/2015,227363193,9/11/2015,676,651.21,524.96,440217.96,354872.96,85345
Sub-Saharan Africa,Sudan,Beverages,Offline,C,8/18/2015,355869328,9/11/2015,8497,47.45,31.79,403182.65,270119.63,133063.02
North America,Mexico,Office Supplies,Online,C,7/10/2013,595955359,8/24/2013,5289,651.21,524.96,3444249.69,2776513.44,667736.25
Europe,Estonia,Snacks,Offline,C,7/3/2014,424232614,7/21/2014,8713,152.58,97.44,1329429.54,848994.72,480434.82
Europe,Russia,Cosmetics,Online,M,7/13/2013,287624919,8/29/2013,3460,437.2,263.33,1512712,911121.8,601590.2
Asia,Indonesia,Vegetables,Offline,C,3/16/2014,253368604,4/28/2014,6255,154.06,90.93,963645.3,568767.15,394878.15
Europe,Ukraine,Fruits,Online,M,5/27/2017,459012496,6/5/2017,853,9.33,6.92,7958.49,5902.76,2055.73
Europe,Andorra,Meat,Online,C,6/27/2017,662417924,7/8/2017,3039,421.89,364.69,1282123.71,1108292.91,173830.8
Asia,Philippines,Snacks,Offline,L,9/7/2013,691758716,9/9/2013,5631,152.58,97.44,859177.98,548684.64,310493.34
Central America and the Caribbean,Honduras,Snacks,Online,H,11/6/2013,895521199,11/6/2013,3478,152.58,97.44,530673.24,338896.32,191776.92
Sub-Saharan Africa,Tanzania,Baby Food,Online,L,7/18/2015,792504203,7/26/2015,8460,255.28,159.42,2159668.8,1348693.2,810975.6
Sub-Saharan Africa,Seychelles ,Clothes,Offline,L,5/26/2017,421819055,7/13/2017,4487,109.28,35.84,490339.36,160814.08,329525.28
Sub-Saharan Africa,Niger,Personal Care,Online,L,4/27/2015,792889583,5/19/2015,2502,81.73,56.67,204488.46,141788.34,62700.12
Asia,Kazakhstan,Personal Care,Offline,H,11/6/2013,735452115,11/9/2013,5479,81.73,56.67,447798.67,310494.93,137303.74
Asia,Nepal,Baby Food,Offline,L,10/24/2014,949555480,12/13/2014,3423,255.28,159.42,873823.44,545694.66,328128.78
Europe,Serbia,Baby Food,Online,C,7/11/2013,855561006,8/13/2013,8369,255.28,159.42,2136438.32,1334185.98,802252.34
Asia,Nepal,Household,Online,H,2/25/2010,844142520,3/9/2010,9385,668.27,502.54,6271713.95,4716337.9,1555376.05
Sub-Saharan Africa,Republic of the Congo,Clothes,Online,M,7/1/2013,926286351,7/12/2013,7570,109.28,35.84,827249.6,271308.8,555940.8
Europe,Ukraine,Office Supplies,Online,H,7/1/2014,283291327,8/11/2014,1054,651.21,524.96,686375.34,553307.84,133067.5
Central America and the Caribbean,Antigua and Barbuda ,Fruits,Offline,L,9/23/2012,416768777,10/19/2012,9997,9.33,6.92,93272.01,69179.24,24092.77
Europe,Armenia,Cosmetics,Online,L,8/13/2012,198642528,9/13/2012,1593,437.2,263.33,696459.6,419484.69,276974.91
Asia,Japan,Household,Offline,C,1/30/2012,821148908,2/29/2012,5064,668.27,502.54,3384119.28,2544862.56,839256.72
Central America and the Caribbean,Barbados,Meat,Online,L,11/21/2013,846836745,12/30/2013,6666,421.89,364.69,2812318.74,2431023.54,381295.2
Europe,Serbia,Beverages,Offline,C,4/21/2014,258567368,5/27/2014,4685,47.45,31.79,222303.25,148936.15,73367.1
Sub-Saharan Africa,Madagascar,Meat,Online,C,6/8/2014,909514605,7/14/2014,4438,421.89,364.69,1872347.82,1618494.22,253853.6
Europe,Malta,Personal Care,Online,M,6/19/2016,673164784,7/8/2016,3274,81.73,56.67,267584.02,185537.58,82046.44
Central America and the Caribbean,Saint Vincent and the Grenadines,Office Supplies,Offline,C,4/10/2012,193316733,4/12/2012,5572,651.21,524.96,3628542.12,2925077.12,703465
Sub-Saharan Africa,Botswana,Cereal,Online,H,7/14/2017,634081780,8/1/2017,7744,205.7,117.11,1592940.8,906899.84,686040.96
Asia,South Korea,Snacks,Offline,C,11/23/2014,529883754,12/28/2014,3233,152.58,97.44,493291.14,315023.52,178267.62
Europe,Albania,Personal Care,Offline,H,10/17/2010,735458981,11/21/2010,7511,81.73,56.67,613874.03,425648.37,188225.66
Middle East and North Africa,Iraq,Vegetables,Offline,C,7/9/2016,375856292,8/18/2016,3084,154.06,90.93,475121.04,280428.12,194692.92
Europe,Vatican City,Baby Food,Offline,C,2/20/2014,896437013,3/25/2014,4488,255.28,159.42,1145696.64,715476.96,430219.68
Europe,Poland,Fruits,Online,L,4/13/2013,212874972,5/20/2013,3290,9.33,6.92,30695.7,22766.8,7928.9
Australia and Oceania,Tuvalu,Beverages,Offline,C,1/27/2017,361156499,3/5/2017,3089,47.45,31.79,146573.05,98199.31,48373.74
Central America and the Caribbean,Antigua and Barbuda ,Household,Online,C,10/9/2010,747580420,10/16/2010,4514,668.27,502.54,3016570.78,2268465.56,748105.22
Europe,Portugal,Snacks,Offline,M,12/26/2010,398758065,1/31/2011,228,152.58,97.44,34788.24,22216.32,12571.92
Europe,Lithuania,Cosmetics,Offline,M,6/19/2016,211613261,8/6/2016,9921,437.2,263.33,4337461.2,2612496.93,1724964.27
Australia and Oceania,Tonga,Beverages,Online,H,11/18/2011,703382337,12/19/2011,5319,47.45,31.79,252386.55,169091.01,83295.54
Middle East and North Africa,Israel,Office Supplies,Online,L,1/11/2017,661614120,1/25/2017,5175,651.21,524.96,3370011.75,2716668,653343.75
Sub-Saharan Africa,South Africa,Beverages,Offline,C,12/7/2014,294169938,1/12/2015,277,47.45,31.79,13143.65,8805.83,4337.82
Europe,Croatia,Household,Offline,H,2/29/2016,779223620,3/27/2016,8440,668.27,502.54,5640198.8,4241437.6,1398761.2
Sub-Saharan Africa,Benin,Household,Offline,L,3/20/2017,215261495,4/16/2017,9515,668.27,502.54,6358589.05,4781668.1,1576920.95
Europe,San Marino,Beverages,Offline,M,11/16/2011,371082389,12/3/2011,380,47.45,31.79,18031,12080.2,5950.8
Middle East and North Africa,Iran,Office Supplies,Offline,C,2/15/2010,835797631,3/29/2010,9947,651.21,524.96,6477585.87,5221777.12,1255808.75
Central America and the Caribbean,Dominican Republic,Baby Food,Online,L,8/29/2011,368831050,9/29/2011,4159,255.28,159.42,1061709.52,663027.78,398681.74
Europe,Montenegro,Office Supplies,Online,M,3/26/2017,949918973,4/26/2017,988,651.21,524.96,643395.48,518660.48,124735
Sub-Saharan Africa,Niger,Office Supplies,Online,H,4/24/2017,129110229,5/19/2017,5441,651.21,524.96,3543233.61,2856307.36,686926.25
Sub-Saharan Africa,Ghana,Meat,Online,C,12/31/2010,476766145,1/9/2011,4552,421.89,364.69,1920443.28,1660068.88,260374.4
Central America and the Caribbean,Nicaragua,Office Supplies,Online,H,5/23/2017,133560550,6/11/2017,2390,651.21,524.96,1556391.9,1254654.4,301737.5
Sub-Saharan Africa,Chad,Office Supplies,Offline,L,3/20/2011,460479772,3/21/2011,5052,651.21,524.96,3289912.92,2652097.92,637815
Sub-Saharan Africa,Angola,Baby Food,Offline,L,6/26/2017,188822638,8/10/2017,5670,255.28,159.42,1447437.6,903911.4,543526.2
Asia,Kyrgyzstan,Meat,Online,L,11/4/2016,370200479,12/22/2016,9403,421.89,364.69,3967031.67,3429180.07,537851.6
Sub-Saharan Africa,Sao Tome and Principe,Cereal,Online,L,7/3/2017,326537120,8/20/2017,8445,205.7,117.11,1737136.5,988993.95,748142.55
Sub-Saharan Africa,South Sudan,Beverages,Online,H,8/7/2013,800068891,9/23/2013,7019,47.45,31.79,333051.55,223134.01,109917.54
Europe,Hungary,Cereal,Online,M,9/7/2011,803344619,10/12/2011,6380,205.7,117.11,1312366,747161.8,565204.2
Europe,Poland,Meat,Offline,M,10/22/2011,769225633,11/4/2011,9813,421.89,364.69,4140006.57,3578702.97,561303.6
Central America and the Caribbean,Saint Vincent and the Grenadines,Fruits,Online,H,4/17/2011,300885760,5/12/2011,7638,9.33,6.92,71262.54,52854.96,18407.58
Europe,Georgia,Baby Food,Offline,H,2/8/2016,421811330,3/3/2016,2201,255.28,159.42,561871.28,350883.42,210987.86
Europe,Greece,Household,Online,H,5/6/2014,425801169,5/8/2014,2883,668.27,502.54,1926622.41,1448822.82,477799.59
Europe,Hungary,Snacks,Online,H,4/26/2010,126966607,5/12/2010,1095,152.58,97.44,167075.1,106696.8,60378.3
Europe,Montenegro,Cosmetics,Online,C,3/8/2013,309731471,3/18/2013,5280,437.2,263.33,2308416,1390382.4,918033.6
North America,United States of America,Cereal,Online,M,6/13/2010,478832089,7/24/2010,5911,205.7,117.11,1215892.7,692237.21,523655.49
Asia,North Korea,Cosmetics,Offline,C,3/9/2017,209317290,3/14/2017,493,437.2,263.33,215539.6,129821.69,85717.91
Middle East and North Africa,Kuwait,Household,Offline,L,9/3/2011,496548402,9/15/2011,8561,668.27,502.54,5721059.47,4302244.94,1418814.53
Central America and the Caribbean,Jamaica,Baby Food,Offline,M,11/25/2014,606199252,12/4/2014,6685,255.28,159.42,1706546.8,1065722.7,640824.1
Sub-Saharan Africa,Seychelles ,Fruits,Online,M,1/24/2011,324256169,1/30/2011,3461,9.33,6.92,32291.13,23950.12,8341.01
Sub-Saharan Africa,Niger,Household,Offline,L,12/3/2011,407017982,12/5/2011,4520,668.27,502.54,3020580.4,2271480.8,749099.6
Europe,France,Cosmetics,Offline,M,2/28/2015,331096017,3/10/2015,7524,437.2,263.33,3289492.8,1981294.92,1308197.88
Central America and the Caribbean,Guatemala,Beverages,Offline,M,9/25/2015,543414103,10/26/2015,7164,47.45,31.79,339931.8,227743.56,112188.24
Sub-Saharan Africa,Chad,Household,Offline,L,3/30/2017,211208570,4/26/2017,164,668.27,502.54,109596.28,82416.56,27179.72
Asia,Tajikistan,Office Supplies,Offline,L,12/28/2012,372028243,12/28/2012,279,651.21,524.96,181687.59,146463.84,35223.75
Middle East and North Africa,Saudi Arabia,Household,Offline,C,6/29/2012,783734452,7/17/2012,3296,668.27,502.54,2202617.92,1656371.84,546246.08
Sub-Saharan Africa,Malawi,Vegetables,Offline,M,12/20/2014,374501025,1/21/2015,2030,154.06,90.93,312741.8,184587.9,128153.9
Europe,Serbia,Clothes,Offline,L,2/16/2013,392814290,2/26/2013,1332,109.28,35.84,145560.96,47738.88,97822.08
Europe,Cyprus,Household,Online,C,2/10/2012,357473075,2/17/2012,3082,668.27,502.54,2059608.14,1548828.28,510779.86
Middle East and North Africa,Turkey,Vegetables,Online,L,7/17/2010,307588708,8/29/2010,1189,154.06,90.93,183177.34,108115.77,75061.57
Central America and the Caribbean,Guatemala,Fruits,Online,M,11/25/2011,352585017,12/17/2011,6597,9.33,6.92,61550.01,45651.24,15898.77
Central America and the Caribbean,El Salvador,Personal Care,Offline,C,2/27/2013,222198331,3/14/2013,2279,81.73,56.67,186262.67,129150.93,57111.74
Sub-Saharan Africa,Niger,Personal Care,Online,M,2/22/2016,616477477,3/25/2016,8240,81.73,56.67,673455.2,466960.8,206494.4
Sub-Saharan Africa,Mauritius ,Vegetables,Offline,M,2/29/2016,955783784,4/12/2016,6516,154.06,90.93,1003854.96,592499.88,411355.08
Europe,Monaco,Baby Food,Online,C,5/22/2013,730791079,5/29/2013,6175,255.28,159.42,1576354,984418.5,591935.5
Europe,Portugal,Vegetables,Offline,H,8/15/2016,852485692,10/4/2016,8315,154.06,90.93,1281008.9,756082.95,524925.95
Asia,Malaysia,Office Supplies,Online,C,10/20/2016,502166450,11/20/2016,1067,651.21,524.96,694841.07,560132.32,134708.75
Europe,Denmark,Baby Food,Offline,M,7/3/2013,281444680,7/28/2013,4590,255.28,159.42,1171735.2,731737.8,439997.4
Sub-Saharan Africa,Burundi,Clothes,Offline,M,2/25/2011,862244212,4/13/2011,6078,109.28,35.84,664203.84,217835.52,446368.32
Europe,San Marino,Vegetables,Offline,L,3/28/2015,736801373,4/18/2015,4755,154.06,90.93,732555.3,432372.15,300183.15
Europe,Montenegro,Office Supplies,Online,C,5/20/2013,267664992,6/1/2013,6874,651.21,524.96,4476417.54,3608575.04,867842.5
Middle East and North Africa,Lebanon,Office Supplies,Offline,M,12/31/2016,337696397,2/18/2017,723,651.21,524.96,470824.83,379546.08,91278.75
Sub-Saharan Africa,Guinea,Clothes,Online,M,1/19/2012,100069415,3/7/2012,1619,109.28,35.84,176924.32,58024.96,118899.36
Asia,North Korea,Clothes,Online,H,11/12/2015,128270375,12/18/2015,6909,109.28,35.84,755015.52,247618.56,507396.96
Europe,Finland,Snacks,Online,C,9/29/2012,166098105,11/2/2012,975,152.58,97.44,148765.5,95004,53761.5
Sub-Saharan Africa,Namibia,Beverages,Offline,M,10/17/2010,477663934,11/7/2010,228,47.45,31.79,10818.6,7248.12,3570.48
Asia,Myanmar,Fruits,Online,L,5/19/2015,497391688,6/5/2015,8109,9.33,6.92,75656.97,56114.28,19542.69
Central America and the Caribbean,Dominican Republic,Snacks,Offline,H,3/22/2010,180017697,3/26/2010,92,152.58,97.44,14037.36,8964.48,5072.88
Middle East and North Africa,Israel,Clothes,Online,M,3/8/2014,450590789,3/11/2014,8682,109.28,35.84,948768.96,311162.88,637606.08
Central America and the Caribbean,Nicaragua,Personal Care,Offline,C,11/23/2016,954472291,1/12/2017,8416,81.73,56.67,687839.68,476934.72,210904.96
Asia,South Korea,Office Supplies,Offline,H,11/7/2012,507336032,11/21/2012,861,651.21,524.96,560691.81,451990.56,108701.25
Europe,Spain,Snacks,Online,C,9/29/2012,245168340,11/1/2012,9615,152.58,97.44,1467056.7,936885.6,530171.1
Europe,Ireland,Office Supplies,Offline,M,12/24/2016,474268043,1/23/2017,5308,651.21,524.96,3456622.68,2786487.68,670135
Asia,Bangladesh,Snacks,Offline,L,11/17/2011,221246469,12/29/2011,601,152.58,97.44,91700.58,58561.44,33139.14
Asia,Maldives,Meat,Offline,H,5/2/2011,383027446,6/17/2011,5188,421.89,364.69,2188765.32,1892011.72,296753.6
Middle East and North Africa,Jordan,Snacks,Online,M,2/25/2015,576847302,3/26/2015,790,152.58,97.44,120538.2,76977.6,43560.6
Europe,Czech Republic,Cosmetics,Offline,L,11/9/2012,490254867,11/28/2012,6164,437.2,263.33,2694900.8,1623166.12,1071734.68
Europe,Germany,Clothes,Offline,M,3/5/2010,331111466,3/11/2010,2096,109.28,35.84,229050.88,75120.64,153930.24
Central America and the Caribbean,Antigua and Barbuda ,Clothes,Offline,M,2/9/2010,377590930,3/1/2010,6402,109.28,35.84,699610.56,229447.68,470162.88
Asia,Kyrgyzstan,Cosmetics,Online,L,9/25/2016,528179585,9/26/2016,8932,437.2,263.33,3905070.4,2352063.56,1553006.84
Europe,Monaco,Cosmetics,Online,M,4/1/2016,751676261,5/1/2016,6564,437.2,263.33,2869780.8,1728498.12,1141282.68
Asia,Philippines,Meat,Online,L,1/28/2011,637192285,1/29/2011,8212,421.89,364.69,3464560.68,2994834.28,469726.4
Sub-Saharan Africa,Swaziland,Fruits,Offline,H,1/18/2016,744151484,3/3/2016,9816,9.33,6.92,91583.28,67926.72,23656.56
Europe,United Kingdom,Baby Food,Online,C,10/11/2016,352290189,10/18/2016,9350,255.28,159.42,2386868,1490577,896291
Asia,Singapore,Personal Care,Offline,M,4/22/2011,611657226,5/13/2011,1820,81.73,56.67,148748.6,103139.4,45609.2
Central America and the Caribbean,Panama,Meat,Offline,H,11/15/2013,492613923,12/18/2013,4262,421.89,364.69,1798095.18,1554308.78,243786.4
Europe,Spain,Vegetables,Offline,M,4/16/2013,835834109,5/14/2013,742,154.06,90.93,114312.52,67470.06,46842.46
Australia and Oceania,Solomon Islands,Personal Care,Offline,C,7/30/2014,302304112,8/3/2014,7360,81.73,56.67,601532.8,417091.2,184441.6
Sub-Saharan Africa,Gabon,Household,Offline,C,6/14/2012,323322761,8/2/2012,7245,668.27,502.54,4841616.15,3640902.3,1200713.85
Europe,Hungary,Clothes,Online,H,4/13/2010,150501382,4/23/2010,5558,109.28,35.84,607378.24,199198.72,408179.52
Sub-Saharan Africa,Lesotho,Fruits,Offline,H,4/10/2016,905763804,5/8/2016,4493,9.33,6.92,41919.69,31091.56,10828.13
Sub-Saharan Africa,Rwanda,Cereal,Online,L,12/28/2016,631346356,12/29/2016,8272,205.7,117.11,1701550.4,968733.92,732816.48
Sub-Saharan Africa,Guinea-Bissau,Personal Care,Online,H,6/1/2011,139797866,6/23/2011,8150,81.73,56.67,666099.5,461860.5,204239
Sub-Saharan Africa,Comoros,Personal Care,Online,M,9/27/2014,763979661,11/7/2014,7414,81.73,56.67,605946.22,420151.38,185794.84
Middle East and North Africa,Algeria,Cereal,Offline,M,9/18/2016,307065570,9/18/2016,6381,205.7,117.11,1312571.7,747278.91,565292.79
Europe,Ukraine,Snacks,Online,M,9/28/2015,692541921,10/3/2015,7399,152.58,97.44,1128939.42,720958.56,407980.86
Central America and the Caribbean,Dominica,Household,Online,L,1/20/2015,314207541,3/9/2015,9849,668.27,502.54,6581791.23,4949516.46,1632274.77
Asia,Kyrgyzstan,Fruits,Offline,H,5/22/2011,786173760,6/24/2011,5141,9.33,6.92,47965.53,35575.72,12389.81
Asia,Bhutan,Cosmetics,Online,H,11/27/2013,192864406,12/3/2013,1718,437.2,263.33,751109.6,452400.94,298708.66
Europe,Latvia,Beverages,Online,H,2/10/2010,739015805,3/6/2010,54,47.45,31.79,2562.3,1716.66,845.64
Central America and the Caribbean,Dominican Republic,Cereal,Offline,C,1/31/2015,199676787,3/6/2015,7653,205.7,117.11,1574222.1,896242.83,677979.27
Sub-Saharan Africa,Namibia,Beverages,Offline,M,8/31/2014,470208680,10/14/2014,4052,47.45,31.79,192267.4,128813.08,63454.32
Sub-Saharan Africa,The Gambia,Clothes,Offline,L,9/15/2014,816285312,9/15/2014,5818,109.28,35.84,635791.04,208517.12,427273.92
Sub-Saharan Africa,Uganda,Household,Offline,C,7/18/2014,123893010,8/3/2014,1550,668.27,502.54,1035818.5,778937,256881.5
Middle East and North Africa,Jordan,Cereal,Offline,C,10/18/2010,949330604,11/26/2010,6877,205.7,117.11,1414598.9,805365.47,609233.43
Europe,Malta,Clothes,Offline,H,4/15/2016,969209420,5/16/2016,9460,109.28,35.84,1033788.8,339046.4,694742.4
Sub-Saharan Africa,Mali,Beverages,Online,L,11/1/2010,630453288,12/14/2010,3993,47.45,31.79,189467.85,126937.47,62530.38
Europe,Montenegro,Fruits,Online,L,3/7/2013,900298535,4/15/2013,7198,9.33,6.92,67157.34,49810.16,17347.18
Sub-Saharan Africa,Liberia,Clothes,Offline,M,8/17/2016,116293990,9/6/2016,2831,109.28,35.84,309371.68,101463.04,207908.64
Middle East and North Africa,Tunisia ,Cereal,Offline,M,7/19/2015,736300981,7/21/2015,6677,205.7,117.11,1373458.9,781943.47,591515.43
Central America and the Caribbean,Belize,Beverages,Offline,M,9/22/2016,788493335,11/1/2016,1555,47.45,31.79,73784.75,49433.45,24351.3
Europe,Lithuania,Snacks,Online,M,11/18/2012,621357381,1/6/2013,2312,152.58,97.44,352764.96,225281.28,127483.68
Sub-Saharan Africa,Mali,Office Supplies,Offline,M,9/21/2016,653691947,10/26/2016,828,651.21,524.96,539201.88,434666.88,104535
Sub-Saharan Africa,Comoros,Baby Food,Offline,H,9/24/2011,924608361,10/10/2011,1016,255.28,159.42,259364.48,161970.72,97393.76
Europe,Montenegro,Cereal,Offline,L,7/11/2016,643530452,7/11/2016,3816,205.7,117.11,784951.2,446891.76,338059.44
Middle East and North Africa,Morocco,Clothes,Online,H,12/10/2012,440194547,12/15/2012,2203,109.28,35.84,240743.84,78955.52,161788.32
Central America and the Caribbean,Saint Kitts and Nevis ,Vegetables,Offline,M,5/16/2010,114649474,6/27/2010,6182,154.06,90.93,952398.92,562129.26,390269.66
Middle East and North Africa,Oman,Beverages,Online,M,9/13/2011,887256562,10/14/2011,7788,47.45,31.79,369540.6,247580.52,121960.08
Sub-Saharan Africa,Niger,Meat,Online,C,2/5/2017,448689639,3/8/2017,6090,421.89,364.69,2569310.1,2220962.1,348348
Middle East and North Africa,Yemen,Cereal,Online,C,8/25/2012,609935033,9/10/2012,2185,205.7,117.11,449454.5,255885.35,193569.15
Sub-Saharan Africa,Cape Verde,Household,Online,C,1/4/2012,552291572,2/22/2012,4204,668.27,502.54,2809407.08,2112678.16,696728.92
Middle East and North Africa,Egypt,Snacks,Online,M,10/2/2014,877370584,10/4/2014,2308,152.58,97.44,352154.64,224891.52,127263.12
Middle East and North Africa,Afghanistan,Meat,Online,L,2/27/2010,457095897,4/9/2010,3688,421.89,364.69,1555930.32,1344976.72,210953.6
Australia and Oceania,Samoa ,Cosmetics,Online,C,4/17/2011,483703839,5/27/2011,7570,437.2,263.33,3309604,1993408.1,1316195.9
Europe,Iceland,Personal Care,Offline,H,5/8/2013,419743239,5/21/2013,207,81.73,56.67,16918.11,11730.69,5187.42
Australia and Oceania,Solomon Islands,Cereal,Offline,C,8/6/2012,248075425,9/16/2012,9886,205.7,117.11,2033550.2,1157749.46,875800.74
Sub-Saharan Africa,Malawi,Fruits,Online,H,2/21/2010,921874225,3/30/2010,1924,9.33,6.92,17950.92,13314.08,4636.84
Sub-Saharan Africa,Eritrea,Cosmetics,Online,H,9/26/2015,314625966,10/28/2015,3670,437.2,263.33,1604524,966421.1,638102.9
Asia,Nepal,Office Supplies,Offline,M,9/9/2013,870129477,10/22/2013,9503,651.21,524.96,6188448.63,4988694.88,1199753.75
Asia,South Korea,Beverages,Offline,H,2/6/2012,152496087,2/7/2012,5836,47.45,31.79,276918.2,185526.44,91391.76
Middle East and North Africa,Jordan,Beverages,Online,L,5/3/2016,296149623,5/30/2016,6109,47.45,31.79,289872.05,194205.11,95666.94
Australia and Oceania,Papua New Guinea,Vegetables,Online,L,2/14/2010,355826413,2/15/2010,5798,154.06,90.93,893239.88,527212.14,366027.74
Middle East and North Africa,Turkey,Fruits,Offline,M,4/25/2012,356575286,6/10/2012,7406,9.33,6.92,69097.98,51249.52,17848.46
Sub-Saharan Africa,Madagascar,Office Supplies,Online,H,7/21/2012,843757569,9/4/2012,5470,651.21,524.96,3562118.7,2871531.2,690587.5
Sub-Saharan Africa,Democratic Republic of the Congo,Clothes,Offline,C,11/22/2012,633047091,12/11/2012,1557,109.28,35.84,170148.96,55802.88,114346.08
Asia,Malaysia,Snacks,Online,H,6/18/2016,860430181,6/24/2016,9266,152.58,97.44,1413806.28,902879.04,510927.24
Middle East and North Africa,Yemen,Office Supplies,Offline,H,2/3/2016,932205665,3/4/2016,9227,651.21,524.96,6008714.67,4843805.92,1164908.75
Central America and the Caribbean,Guatemala,Baby Food,Online,C,3/30/2013,774984872,4/25/2013,4100,255.28,159.42,1046648,653622,393026
Sub-Saharan Africa,Mali,Cereal,Online,H,3/30/2014,385691630,4/21/2014,3579,205.7,117.11,736200.3,419136.69,317063.61
Europe,Norway,Baby Food,Offline,H,4/30/2011,281562268,5/4/2011,9387,255.28,159.42,2396313.36,1496475.54,899837.82
Europe,Vatican City,Cosmetics,Online,C,9/23/2016,150145614,9/25/2016,279,437.2,263.33,121978.8,73469.07,48509.73
Sub-Saharan Africa,Uganda,Household,Offline,M,6/18/2013,199302995,6/23/2013,7040,668.27,502.54,4704620.8,3537881.6,1166739.2
Sub-Saharan Africa,Sao Tome and Principe,Beverages,Online,H,2/8/2012,707208240,3/21/2012,7489,47.45,31.79,355353.05,238075.31,117277.74
Europe,Ukraine,Snacks,Online,H,9/21/2016,672347676,9/24/2016,1473,152.58,97.44,224750.34,143529.12,81221.22
Europe,Norway,Personal Care,Offline,M,7/11/2013,963520133,8/2/2013,5874,81.73,56.67,480082.02,332879.58,147202.44
Asia,Myanmar,Snacks,Online,L,7/2/2012,269836938,8/10/2012,9601,152.58,97.44,1464920.58,935521.44,529399.14
Middle East and North Africa,Turkey,Household,Online,H,5/4/2013,950721919,6/10/2013,8598,668.27,502.54,5745785.46,4320838.92,1424946.54
Sub-Saharan Africa,Botswana,Clothes,Offline,L,10/18/2016,485911405,10/29/2016,838,109.28,35.84,91576.64,30033.92,61542.72
Europe,Montenegro,Beverages,Offline,H,5/5/2013,925454223,6/20/2013,1325,47.45,31.79,62871.25,42121.75,20749.5
Central America and the Caribbean,Barbados,Personal Care,Online,C,3/21/2017,339711701,4/25/2017,7096,81.73,56.67,579956.08,402130.32,177825.76
Europe,Moldova ,Meat,Online,C,3/28/2017,469357669,4/13/2017,2219,421.89,364.69,936173.91,809247.11,126926.8
Europe,Cyprus,Beverages,Offline,M,11/3/2010,875378453,12/9/2010,2792,47.45,31.79,132480.4,88757.68,43722.72
Sub-Saharan Africa,Uganda,Office Supplies,Offline,L,6/20/2015,289072883,7/21/2015,1945,651.21,524.96,1266603.45,1021047.2,245556.25
Sub-Saharan Africa,Equatorial Guinea,Cosmetics,Online,C,10/7/2011,662052285,10/8/2011,4838,437.2,263.33,2115173.6,1273990.54,841183.06
Sub-Saharan Africa,Kenya,Personal Care,Offline,C,7/9/2015,416240489,8/14/2015,3665,81.73,56.67,299540.45,207695.55,91844.9
Sub-Saharan Africa,South Africa,Personal Care,Online,L,4/14/2013,293873822,5/18/2013,2649,81.73,56.67,216502.77,150118.83,66383.94
Middle East and North Africa,Syria,Vegetables,Online,H,8/15/2011,207501113,9/21/2011,3045,154.06,90.93,469112.7,276881.85,192230.85
Asia,Cambodia,Beverages,Offline,L,7/28/2010,589983689,9/13/2010,8139,47.45,31.79,386195.55,258738.81,127456.74
Sub-Saharan Africa,Republic of the Congo,Cosmetics,Offline,C,1/16/2015,144495379,1/20/2015,8249,437.2,263.33,3606462.8,2172209.17,1434253.63
Sub-Saharan Africa,Djibouti,Snacks,Online,H,11/6/2015,794522511,11/21/2015,5722,152.58,97.44,873062.76,557551.68,315511.08
Sub-Saharan Africa,South Africa,Beverages,Offline,C,3/26/2016,933863914,4/16/2016,9939,47.45,31.79,471605.55,315960.81,155644.74
Sub-Saharan Africa,Mauritania,Snacks,Offline,L,12/6/2012,376630914,1/3/2013,2312,152.58,97.44,352764.96,225281.28,127483.68
Central America and the Caribbean,Saint Kitts and Nevis ,Office Supplies,Online,C,2/7/2015,807247340,3/9/2015,1282,651.21,524.96,834851.22,672998.72,161852.5
Europe,Bulgaria,Baby Food,Online,M,4/2/2010,830449521,5/8/2010,7323,255.28,159.42,1869415.44,1167432.66,701982.78
Middle East and North Africa,Jordan,Fruits,Online,M,6/14/2013,921286284,7/24/2013,7939,9.33,6.92,74070.87,54937.88,19132.99
Europe,Vatican City,Vegetables,Online,M,7/23/2010,275118958,7/25/2010,2668,154.06,90.93,411032.08,242601.24,168430.84
Australia and Oceania,Nauru,Household,Offline,H,12/26/2014,857621371,1/15/2015,8077,668.27,502.54,5397616.79,4059015.58,1338601.21
Asia,Bhutan,Vegetables,Offline,C,12/4/2010,654779851,12/8/2010,2763,154.06,90.93,425667.78,251239.59,174428.19
Central America and the Caribbean,Guatemala,Household,Offline,M,2/21/2010,422893226,2/23/2010,2358,668.27,502.54,1575780.66,1184989.32,390791.34
Central America and the Caribbean,The Bahamas,Meat,Offline,H,4/26/2010,538572824,5/25/2010,4522,421.89,364.69,1907786.58,1649128.18,258658.4
Asia,Malaysia,Baby Food,Offline,M,12/25/2013,548742473,1/27/2014,3947,255.28,159.42,1007590.16,629230.74,378359.42
Middle East and North Africa,Saudi Arabia,Baby Food,Offline,C,3/1/2017,520638501,3/29/2017,7357,255.28,159.42,1878094.96,1172852.94,705242.02
Europe,Vatican City,Vegetables,Online,H,3/1/2013,591809737,3/18/2013,8507,154.06,90.93,1310588.42,773541.51,537046.91
Europe,Czech Republic,Household,Offline,C,7/1/2011,520117509,7/16/2011,3184,668.27,502.54,2127771.68,1600087.36,527684.32
Europe,Latvia,Clothes,Online,L,5/21/2011,133735644,6/16/2011,4204,109.28,35.84,459413.12,150671.36,308741.76
Europe,Kosovo,Cosmetics,Online,M,2/9/2013,681150472,2/24/2013,6416,437.2,263.33,2805075.2,1689525.28,1115549.92
Europe,Germany,Office Supplies,Offline,M,3/27/2014,781160819,5/7/2014,1700,651.21,524.96,1107057,892432,214625
Middle East and North Africa,Qatar,Beverages,Online,L,5/23/2013,472878015,6/10/2013,3968,47.45,31.79,188281.6,126142.72,62138.88
Europe,Estonia,Cereal,Offline,H,1/20/2014,765725886,1/26/2014,4161,205.7,117.11,855917.7,487294.71,368622.99
Sub-Saharan Africa,Tanzania,Cereal,Offline,M,3/14/2013,489440762,4/7/2013,5253,205.7,117.11,1080542.1,615178.83,465363.27
Europe,Sweden,Fruits,Offline,L,8/24/2012,344071471,9/24/2012,7249,9.33,6.92,67633.17,50163.08,17470.09
Sub-Saharan Africa,Burkina Faso,Personal Care,Online,L,4/15/2015,649979341,6/1/2015,2186,81.73,56.67,178661.78,123880.62,54781.16
Europe,Belarus,Fruits,Online,H,9/16/2013,897838199,10/19/2013,9130,9.33,6.92,85182.9,63179.6,22003.3
Asia,Uzbekistan,Cereal,Online,H,9/20/2016,198634374,10/2/2016,9180,205.7,117.11,1888326,1075069.8,813256.2
Europe,Iceland,Cereal,Online,H,4/5/2015,433666694,5/21/2015,467,205.7,117.11,96061.9,54690.37,41371.53
Asia,Malaysia,Beverages,Online,L,6/21/2016,404546487,6/29/2016,3150,47.45,31.79,149467.5,100138.5,49329
Sub-Saharan Africa,Burkina Faso,Office Supplies,Offline,H,3/18/2017,783197581,3/31/2017,4424,651.21,524.96,2880953.04,2322423.04,558530
North America,Greenland,Fruits,Online,L,5/24/2015,961856305,6/29/2015,3510,9.33,6.92,32748.3,24289.2,8459.1
Europe,Iceland,Beverages,Offline,C,10/16/2013,403071486,11/28/2013,6665,47.45,31.79,316254.25,211880.35,104373.9
Sub-Saharan Africa,Mozambique,Baby Food,Online,C,3/28/2016,889704453,4/7/2016,2174,255.28,159.42,554978.72,346579.08,208399.64
Sub-Saharan Africa,Tanzania,Snacks,Online,M,4/11/2016,674929034,4/15/2016,5354,152.58,97.44,816913.32,521693.76,295219.56
Europe,Slovenia,Snacks,Online,L,1/30/2016,332231557,2/4/2016,3555,152.58,97.44,542421.9,346399.2,196022.7
Sub-Saharan Africa,Zambia,Cosmetics,Online,H,2/9/2015,505410850,3/12/2015,1157,437.2,263.33,505840.4,304672.81,201167.59
Europe,Estonia,Cereal,Online,H,11/17/2013,558578240,11/27/2013,4569,205.7,117.11,939843.3,535075.59,404767.71
Europe,Georgia,Clothes,Offline,C,3/13/2010,826157557,3/28/2010,7235,109.28,35.84,790640.8,259302.4,531338.4
Europe,Luxembourg,Baby Food,Online,M,7/1/2010,362885129,7/28/2010,4629,255.28,159.42,1181691.12,737955.18,443735.94
Europe,Kosovo,Baby Food,Offline,M,12/3/2010,993809783,12/19/2010,9254,255.28,159.42,2362361.12,1475272.68,887088.44
Asia,China,Meat,Offline,C,4/3/2016,564292848,4/20/2016,5648,421.89,364.69,2382834.72,2059769.12,323065.6
Europe,Norway,Vegetables,Online,C,5/29/2013,590008151,6/1/2013,5378,154.06,90.93,828534.68,489021.54,339513.14
Sub-Saharan Africa,Comoros,Cereal,Online,L,1/29/2013,406942021,2/6/2013,2042,205.7,117.11,420039.4,239138.62,180900.78
Middle East and North Africa,Morocco,Household,Online,H,9/3/2015,321393287,9/11/2015,6270,668.27,502.54,4190052.9,3150925.8,1039127.1
Europe,Andorra,Vegetables,Online,L,1/31/2015,259973275,3/11/2015,724,154.06,90.93,111539.44,65833.32,45706.12
Central America and the Caribbean,Grenada,Clothes,Offline,M,1/20/2010,219605815,2/15/2010,5096,109.28,35.84,556890.88,182640.64,374250.24
Sub-Saharan Africa,Kenya,Fruits,Offline,C,7/19/2015,717527234,7/27/2015,1108,9.33,6.92,10337.64,7667.36,2670.28
Sub-Saharan Africa,Liberia,Fruits,Offline,M,7/3/2013,541286361,7/17/2013,7518,9.33,6.92,70142.94,52024.56,18118.38
Europe,Ukraine,Snacks,Online,L,3/23/2017,798744523,4/24/2017,5109,152.58,97.44,779531.22,497820.96,281710.26
Middle East and North Africa,Morocco,Office Supplies,Offline,H,7/28/2014,868075549,9/8/2014,1700,651.21,524.96,1107057,892432,214625
Asia,Indonesia,Clothes,Online,C,3/9/2017,647765767,4/13/2017,7140,109.28,35.84,780259.2,255897.6,524361.6
North America,Canada,Cosmetics,Online,C,4/11/2011,106614005,5/22/2011,8308,437.2,263.33,3632257.6,2187745.64,1444511.96
Asia,Uzbekistan,Vegetables,Offline,H,5/26/2014,633731591,5/30/2014,4116,154.06,90.93,634110.96,374267.88,259843.08
Sub-Saharan Africa,Burundi,Vegetables,Online,H,2/7/2011,988542354,2/14/2011,505,154.06,90.93,77800.3,45919.65,31880.65
Sub-Saharan Africa,South Sudan,Clothes,Online,L,4/16/2017,450782620,5/30/2017,5450,109.28,35.84,595576,195328,400248
Sub-Saharan Africa,Nigeria,Office Supplies,Offline,H,11/9/2015,170501220,12/27/2015,3955,651.21,524.96,2575535.55,2076216.8,499318.75
Central America and the Caribbean,The Bahamas,Beverages,Online,C,6/20/2013,918059480,7/5/2013,3056,47.45,31.79,145007.2,97150.24,47856.96
Europe,Malta,Snacks,Online,C,1/31/2014,834131228,3/4/2014,6822,152.58,97.44,1040900.76,664735.68,376165.08
Sub-Saharan Africa,Democratic Republic of the Congo,Meat,Online,M,2/24/2015,379702794,4/10/2015,1349,421.89,364.69,569129.61,491966.81,77162.8
Asia,Taiwan,Office Supplies,Offline,L,5/20/2011,986073005,7/1/2011,9770,651.21,524.96,6362321.7,5128859.2,1233462.5
Middle East and North Africa,Iran,Snacks,Online,C,9/21/2013,104853188,10/12/2013,7243,152.58,97.44,1105136.94,705757.92,399379.02
Sub-Saharan Africa,Nigeria,Cereal,Online,H,3/27/2015,657967174,4/18/2015,5963,205.7,117.11,1226589.1,698326.93,528262.17
Australia and Oceania,Palau,Cosmetics,Online,C,1/18/2010,687651288,3/5/2010,152,437.2,263.33,66454.4,40026.16,26428.24
Sub-Saharan Africa,Guinea-Bissau,Vegetables,Online,L,4/18/2012,106454360,5/18/2012,1066,154.06,90.93,164227.96,96931.38,67296.58
Europe,Latvia,Vegetables,Online,M,6/15/2014,247237718,7/15/2014,1990,154.06,90.93,306579.4,180950.7,125628.7
Europe,Finland,Vegetables,Online,L,11/4/2013,713175189,12/11/2013,3242,154.06,90.93,499462.52,294795.06,204667.46
Asia,Cambodia,Baby Food,Offline,M,6/6/2016,727753102,6/8/2016,7170,255.28,159.42,1830357.6,1143041.4,687316.2
Middle East and North Africa,Oman,Fruits,Online,H,4/25/2010,484770286,5/17/2010,3155,9.33,6.92,29436.15,21832.6,7603.55
Central America and the Caribbean,Nicaragua,Household,Online,H,12/12/2014,698338067,12/12/2014,2608,668.27,502.54,1742848.16,1310624.32,432223.84
Europe,Denmark,Snacks,Online,C,10/8/2016,352880275,11/10/2016,3970,152.58,97.44,605742.6,386836.8,218905.8
Europe,Armenia,Vegetables,Online,L,11/11/2010,753133237,12/6/2010,7716,154.06,90.93,1188726.96,701615.88,487111.08
Sub-Saharan Africa,Sao Tome and Principe,Personal Care,Online,M,4/18/2012,574145781,5/12/2012,1350,81.73,56.67,110335.5,76504.5,33831
Europe,Armenia,Beverages,Offline,L,7/1/2014,811279237,8/10/2014,4409,47.45,31.79,209207.05,140162.11,69044.94
Middle East and North Africa,Morocco,Clothes,Online,L,9/27/2015,730207431,10/15/2015,3460,109.28,35.84,378108.8,124006.4,254102.4
Middle East and North Africa,Iran,Cosmetics,Online,H,5/9/2015,116916692,5/29/2015,7102,437.2,263.33,3104994.4,1870169.66,1234824.74
Asia,Myanmar,Office Supplies,Online,H,7/15/2017,627705848,8/30/2017,964,651.21,524.96,627766.44,506061.44,121705
Sub-Saharan Africa,The Gambia,Office Supplies,Offline,M,5/23/2012,839186227,5/28/2012,2708,651.21,524.96,1763476.68,1421591.68,341885
Europe,Latvia,Vegetables,Offline,H,1/12/2010,298281657,1/13/2010,7026,154.06,90.93,1082425.56,638874.18,443551.38
Asia,Myanmar,Beverages,Online,M,1/18/2014,872228467,3/6/2014,641,47.45,31.79,30415.45,20377.39,10038.06
Europe,Cyprus,Baby Food,Offline,M,3/5/2010,898575484,4/17/2010,7309,255.28,159.42,1865841.52,1165200.78,700640.74
Europe,Romania,Office Supplies,Online,C,7/1/2015,135184037,7/6/2015,2816,651.21,524.96,1833807.36,1478287.36,355520
Europe,Austria,Clothes,Online,M,2/2/2014,210227954,3/14/2014,9978,109.28,35.84,1090395.84,357611.52,732784.32
Europe,Montenegro,Household,Offline,C,10/23/2013,572193562,11/2/2013,3645,668.27,502.54,2435844.15,1831758.3,604085.85
Australia and Oceania,Papua New Guinea,Personal Care,Online,M,3/22/2012,739879691,4/15/2012,5697,81.73,56.67,465615.81,322848.99,142766.82
Sub-Saharan Africa,Mauritania,Baby Food,Offline,L,7/11/2015,752397668,8/29/2015,45,255.28,159.42,11487.6,7173.9,4313.7
Europe,Belarus,Vegetables,Offline,H,1/21/2012,719171321,3/2/2012,7630,154.06,90.93,1175477.8,693795.9,481681.9
Central America and the Caribbean,Panama,Household,Online,H,12/5/2013,369936978,12/26/2013,1428,668.27,502.54,954289.56,717627.12,236662.44
Europe,Monaco,Office Supplies,Offline,M,5/25/2015,404743468,7/11/2015,1441,651.21,524.96,938393.61,756467.36,181926.25
Middle East and North Africa,Lebanon,Meat,Online,H,10/9/2011,243952119,11/19/2011,9708,421.89,364.69,4095708.12,3540410.52,555297.6
Sub-Saharan Africa,Mauritius ,Cosmetics,Online,L,10/17/2010,278236758,10/29/2010,5295,437.2,263.33,2314974,1394332.35,920641.65
Asia,Laos,Cosmetics,Online,C,9/10/2013,518583714,10/15/2013,9300,437.2,263.33,4065960,2448969,1616991
Asia,Tajikistan,Personal Care,Online,C,5/31/2011,146291816,6/20/2011,9854,81.73,56.67,805367.42,558426.18,246941.24
Asia,Japan,Cereal,Online,M,2/3/2011,662972390,3/17/2011,7118,205.7,117.11,1464172.6,833588.98,630583.62
Europe,Albania,Personal Care,Online,C,3/1/2017,940549266,3/14/2017,8284,81.73,56.67,677051.32,469454.28,207597.04
Middle East and North Africa,Azerbaijan,Office Supplies,Online,M,5/24/2012,371258771,6/4/2012,2575,651.21,524.96,1676865.75,1351772,325093.75
Europe,Montenegro,Meat,Online,H,9/15/2014,217649734,9/15/2014,6248,421.89,364.69,2635968.72,2278583.12,357385.6
Sub-Saharan Africa,Djibouti,Baby Food,Online,H,10/13/2012,462583482,10/20/2012,7587,255.28,159.42,1936809.36,1209519.54,727289.82
Asia,North Korea,Household,Offline,C,4/25/2015,259233844,4/25/2015,1910,668.27,502.54,1276395.7,959851.4,316544.3
Europe,Bosnia and Herzegovina,Personal Care,Offline,M,11/24/2016,181087148,12/1/2016,6566,81.73,56.67,536639.18,372095.22,164543.96
Sub-Saharan Africa,Liberia,Cosmetics,Online,H,12/30/2016,871942222,2/14/2017,5935,437.2,263.33,2594782,1562863.55,1031918.45
Sub-Saharan Africa,Cameroon,Meat,Offline,L,2/18/2016,795910394,4/6/2016,6427,421.89,364.69,2711487.03,2343862.63,367624.4
Central America and the Caribbean,Costa Rica,Clothes,Offline,L,2/7/2012,287415492,3/10/2012,1486,109.28,35.84,162390.08,53258.24,109131.84
Australia and Oceania,Australia,Beverages,Offline,M,5/6/2011,201193845,6/6/2011,6584,47.45,31.79,312410.8,209305.36,103105.44
Central America and the Caribbean,Dominica,Beverages,Offline,C,1/1/2010,562294280,1/16/2010,4228,47.45,31.79,200618.6,134408.12,66210.48
Europe,Bulgaria,Household,Online,L,11/9/2012,116078126,11/28/2012,8952,668.27,502.54,5982353.04,4498738.08,1483614.96
Middle East and North Africa,Somalia,Baby Food,Online,M,5/25/2014,378219211,6/9/2014,2324,255.28,159.42,593270.72,370492.08,222778.64
Europe,Lithuania,Personal Care,Online,L,3/4/2010,684703862,4/12/2010,7943,81.73,56.67,649181.39,450129.81,199051.58
Middle East and North Africa,Pakistan,Baby Food,Online,L,9/24/2015,441830909,10/8/2015,6439,255.28,159.42,1643747.92,1026505.38,617242.54
Asia,Bhutan,Snacks,Offline,L,5/24/2017,476211678,6/22/2017,473,152.58,97.44,72170.34,46089.12,26081.22
Europe,Poland,Household,Online,C,11/29/2013,784769999,12/7/2013,9737,668.27,502.54,6506944.99,4893231.98,1613713.01
Middle East and North Africa,Egypt,Snacks,Online,H,9/1/2012,984742200,10/12/2012,5955,152.58,97.44,908613.9,580255.2,328358.7
Asia,Tajikistan,Personal Care,Offline,M,10/1/2010,763677108,10/4/2010,7882,81.73,56.67,644195.86,446672.94,197522.92
Middle East and North Africa,Israel,Fruits,Offline,H,11/20/2013,329436051,12/27/2013,6303,9.33,6.92,58806.99,43616.76,15190.23
Central America and the Caribbean,Panama,Baby Food,Offline,M,7/6/2017,860192859,7/25/2017,9037,255.28,159.42,2306965.36,1440678.54,866286.82
Central America and the Caribbean,Haiti,Snacks,Online,C,7/20/2010,454433858,9/2/2010,5932,152.58,97.44,905104.56,578014.08,327090.48
Sub-Saharan Africa,Burkina Faso,Beverages,Offline,C,1/26/2017,880957877,3/6/2017,3868,47.45,31.79,183536.6,122963.72,60572.88
Middle East and North Africa,Tunisia ,Baby Food,Offline,L,10/8/2016,828876245,11/26/2016,1755,255.28,159.42,448016.4,279782.1,168234.3
Middle East and North Africa,Egypt,Cosmetics,Offline,L,11/29/2016,857612788,12/4/2016,5537,437.2,263.33,2420776.4,1458058.21,962718.19
Middle East and North Africa,Algeria,Beverages,Offline,H,9/7/2010,246903836,9/11/2010,3187,47.45,31.79,151223.15,101314.73,49908.42
Europe,Belgium,Cosmetics,Offline,M,4/8/2011,146798217,5/6/2011,9709,437.2,263.33,4244774.8,2556670.97,1688103.83
Central America and the Caribbean,Haiti,Office Supplies,Offline,C,3/10/2010,427657258,4/3/2010,2141,651.21,524.96,1394240.61,1123939.36,270301.25
Europe,San Marino,Vegetables,Online,H,5/28/2011,130154788,6/23/2011,4549,154.06,90.93,700818.94,413640.57,287178.37
Middle East and North Africa,Israel,Fruits,Offline,L,5/10/2012,615277135,6/11/2012,3032,9.33,6.92,28288.56,20981.44,7307.12
Europe,Kosovo,Personal Care,Online,C,5/6/2015,614323127,6/5/2015,720,81.73,56.67,58845.6,40802.4,18043.2
Sub-Saharan Africa,Benin,Household,Offline,H,2/26/2016,278904092,3/16/2016,2773,668.27,502.54,1853112.71,1393543.42,459569.29
Australia and Oceania,Palau,Snacks,Online,M,6/4/2015,730943858,7/11/2015,1386,152.58,97.44,211475.88,135051.84,76424.04
Asia,Tajikistan,Baby Food,Offline,M,11/11/2014,912678754,12/15/2014,780,255.28,159.42,199118.4,124347.6,74770.8
Europe,Hungary,Office Supplies,Offline,M,6/13/2013,736657607,6/14/2013,2211,651.21,524.96,1439825.31,1160686.56,279138.75
Sub-Saharan Africa,Niger,Baby Food,Online,H,3/27/2011,635741746,5/9/2011,8965,255.28,159.42,2288585.2,1429200.3,859384.9
Asia,India,Clothes,Offline,C,2/11/2013,213104999,3/30/2013,1360,109.28,35.84,148620.8,48742.4,99878.4
Europe,Greece,Office Supplies,Online,L,6/26/2017,492233693,7/14/2017,1743,651.21,524.96,1135059.03,915005.28,220053.75
Central America and the Caribbean,Nicaragua,Snacks,Offline,C,6/10/2012,766926658,6/11/2012,9496,152.58,97.44,1448899.68,925290.24,523609.44
Europe,Switzerland,Personal Care,Online,H,6/9/2017,851295220,6/10/2017,6028,81.73,56.67,492668.44,341606.76,151061.68
Asia,Mongolia,Office Supplies,Online,M,5/5/2011,629763209,5/18/2011,9783,651.21,524.96,6370787.43,5135683.68,1235103.75
Europe,Cyprus,Clothes,Offline,M,12/12/2011,507066953,1/24/2012,1234,109.28,35.84,134851.52,44226.56,90624.96
Central America and the Caribbean,Cuba,Cereal,Offline,M,8/13/2011,958255279,9/19/2011,7886,205.7,117.11,1622150.2,923529.46,698620.74
Asia,Singapore,Clothes,Online,H,5/4/2011,278689515,5/9/2011,9275,109.28,35.84,1013572,332416,681156
North America,Greenland,Cereal,Online,C,12/17/2016,434043490,1/30/2017,1969,205.7,117.11,405023.3,230589.59,174433.71
Europe,Liechtenstein,Fruits,Offline,L,9/5/2012,310303533,9/19/2012,4566,9.33,6.92,42600.78,31596.72,11004.06
Central America and the Caribbean,Nicaragua,Office Supplies,Online,H,4/4/2010,663768470,4/20/2010,2695,651.21,524.96,1755010.95,1414767.2,340243.75
Asia,China,Personal Care,Online,H,12/10/2014,971049630,12/20/2014,4019,81.73,56.67,328472.87,227756.73,100716.14
Sub-Saharan Africa,Lesotho,Snacks,Online,M,2/15/2014,779070842,4/4/2014,3230,152.58,97.44,492833.4,314731.2,178102.2
Asia,Brunei,Baby Food,Offline,M,5/29/2011,155068433,7/11/2011,7050,255.28,159.42,1799724,1123911,675813
Middle East and North Africa,Iraq,Beverages,Online,C,3/25/2015,136591231,5/10/2015,9236,47.45,31.79,438248.2,293612.44,144635.76
Sub-Saharan Africa,Botswana,Vegetables,Offline,H,5/24/2012,481500566,6/18/2012,5572,154.06,90.93,858422.32,506661.96,351760.36
Middle East and North Africa,Syria,Baby Food,Online,H,4/7/2017,117970263,5/8/2017,8877,255.28,159.42,2266120.56,1415171.34,850949.22
Central America and the Caribbean,Antigua and Barbuda ,Vegetables,Offline,M,12/25/2014,294486653,1/27/2015,4000,154.06,90.93,616240,363720,252520
Central America and the Caribbean,Saint Lucia,Baby Food,Offline,C,9/6/2010,529848563,10/12/2010,2819,255.28,159.42,719634.32,449404.98,270229.34
Europe,Poland,Vegetables,Offline,H,7/24/2010,863167321,7/30/2010,9247,154.06,90.93,1424592.82,840829.71,583763.11
Europe,Croatia,Clothes,Offline,H,7/13/2010,503866755,7/16/2010,4225,109.28,35.84,461708,151424,310284
Europe,Monaco,Office Supplies,Offline,M,2/17/2015,981683194,4/4/2015,727,651.21,524.96,473429.67,381645.92,91783.75
Europe,Malta,Clothes,Offline,H,1/17/2011,296665465,2/28/2011,8759,109.28,35.84,957183.52,313922.56,643260.96
Sub-Saharan Africa,Lesotho,Personal Care,Offline,H,4/20/2016,569174897,5/3/2016,355,81.73,56.67,29014.15,20117.85,8896.3
Europe,Lithuania,Fruits,Online,M,12/3/2015,389885318,12/23/2015,4585,9.33,6.92,42778.05,31728.2,11049.85
Asia,Kyrgyzstan,Meat,Online,L,2/21/2011,669783055,3/30/2011,2545,421.89,364.69,1073710.05,928136.05,145574
Australia and Oceania,Fiji,Office Supplies,Online,L,8/11/2015,590166938,9/2/2015,2367,651.21,524.96,1541414.07,1242580.32,298833.75
Asia,Laos,Personal Care,Offline,M,10/4/2013,752648293,10/7/2013,4210,81.73,56.67,344083.3,238580.7,105502.6
Australia and Oceania,Australia,Snacks,Online,C,1/6/2010,929150950,2/17/2010,5269,152.58,97.44,803944.02,513411.36,290532.66
Sub-Saharan Africa,Rwanda,Snacks,Online,L,6/11/2017,511911237,6/25/2017,4766,152.58,97.44,727196.28,464399.04,262797.24
Central America and the Caribbean,Barbados,Cosmetics,Online,M,2/4/2016,763477981,3/11/2016,8955,437.2,263.33,3915126,2358120.15,1557005.85
Sub-Saharan Africa,Central African Republic,Fruits,Online,L,5/16/2017,766712510,6/19/2017,6125,9.33,6.92,57146.25,42385,14761.25
Europe,Albania,Household,Offline,L,10/27/2014,574788653,11/20/2014,1590,668.27,502.54,1062549.3,799038.6,263510.7
Middle East and North Africa,Israel,Personal Care,Offline,M,8/14/2010,761192739,9/20/2010,2702,81.73,56.67,220834.46,153122.34,67712.12
Sub-Saharan Africa,Djibouti,Vegetables,Offline,M,10/16/2011,169723594,11/25/2011,3838,154.06,90.93,591282.28,348989.34,242292.94
Asia,Philippines,Cereal,Online,H,4/15/2011,864492547,4/28/2011,1410,205.7,117.11,290037,165125.1,124911.9
Sub-Saharan Africa,Seychelles ,Beverages,Online,L,6/25/2014,479923427,7/21/2014,8862,47.45,31.79,420501.9,281722.98,138778.92
Europe,Slovakia,Beverages,Online,L,8/31/2012,770752561,9/12/2012,1665,47.45,31.79,79004.25,52930.35,26073.9
Sub-Saharan Africa,Nigeria,Cereal,Online,L,2/16/2017,862028777,3/30/2017,2326,205.7,117.11,478458.2,272397.86,206060.34
Sub-Saharan Africa,Angola,Cereal,Online,C,7/4/2017,399113404,8/22/2017,5380,205.7,117.11,1106666,630051.8,476614.2
Asia,Nepal,Beverages,Online,H,11/10/2015,897680270,11/15/2015,2395,47.45,31.79,113642.75,76137.05,37505.7
Middle East and North Africa,Bahrain,Cosmetics,Online,C,4/23/2015,793715703,6/10/2015,6969,437.2,263.33,3046846.8,1835146.77,1211700.03
Europe,Belgium,Personal Care,Online,M,4/5/2016,393518531,5/25/2016,9733,81.73,56.67,795478.09,551569.11,243908.98
Sub-Saharan Africa,Malawi,Personal Care,Online,C,8/10/2012,523700082,9/27/2012,3347,81.73,56.67,273550.31,189674.49,83875.82
Europe,Ireland,Snacks,Offline,C,9/2/2010,281184184,9/21/2010,7503,152.58,97.44,1144807.74,731092.32,413715.42
Central America and the Caribbean,Honduras,Meat,Online,L,4/6/2010,183207166,4/6/2010,3926,421.89,364.69,1656340.14,1431772.94,224567.2
Europe,Switzerland,Cereal,Online,M,1/16/2016,817317855,2/6/2016,1371,205.7,117.11,282014.7,160557.81,121456.89
Australia and Oceania,Australia,Clothes,Online,H,1/9/2011,591377580,1/28/2011,622,109.28,35.84,67972.16,22292.48,45679.68
Asia,Tajikistan,Snacks,Online,C,5/9/2013,683560168,6/3/2013,9499,152.58,97.44,1449357.42,925582.56,523774.86
Middle East and North Africa,Turkey,Cereal,Online,M,12/17/2011,992351949,1/16/2012,7849,205.7,117.11,1614539.3,919196.39,695342.91
Sub-Saharan Africa,Sudan,Snacks,Offline,C,10/8/2015,586551749,10/22/2015,2552,152.58,97.44,389384.16,248666.88,140717.28
Europe,Moldova ,Beverages,Online,L,1/16/2012,855270898,2/6/2012,2520,47.45,31.79,119574,80110.8,39463.2
Sub-Saharan Africa,Democratic Republic of the Congo,Cosmetics,Offline,L,8/16/2015,557933223,9/17/2015,3694,437.2,263.33,1615016.8,972741.02,642275.78
Europe,Serbia,Fruits,Online,C,2/15/2012,774275052,3/29/2012,4049,9.33,6.92,37777.17,28019.08,9758.09
Sub-Saharan Africa,Mauritius ,Cereal,Offline,C,9/22/2014,854345214,10/29/2014,8589,205.7,117.11,1766757.3,1005857.79,760899.51
Sub-Saharan Africa,Cote d'Ivoire,Cereal,Online,L,12/16/2014,668505036,12/26/2014,4351,205.7,117.11,895000.7,509545.61,385455.09
Central America and the Caribbean,El Salvador,Baby Food,Online,L,10/8/2016,157428348,11/25/2016,5401,255.28,159.42,1378767.28,861027.42,517739.86
Sub-Saharan Africa,Comoros,Cosmetics,Online,H,1/15/2010,682101476,3/4/2010,7839,437.2,263.33,3427210.8,2064243.87,1362966.93
Sub-Saharan Africa,Djibouti,Baby Food,Offline,M,3/16/2012,973823249,5/2/2012,4795,255.28,159.42,1224067.6,764418.9,459648.7
Middle East and North Africa,Qatar,Household,Online,C,6/26/2011,284204995,8/10/2011,1429,668.27,502.54,954957.83,718129.66,236828.17
Middle East and North Africa,Afghanistan,Household,Online,H,2/2/2016,635170543,3/2/2016,9933,668.27,502.54,6637925.91,4991729.82,1646196.09
Europe,Estonia,Baby Food,Offline,M,7/28/2012,968956220,7/29/2012,4533,255.28,159.42,1157184.24,722650.86,434533.38
Asia,China,Clothes,Offline,M,1/27/2015,298110854,1/28/2015,6481,109.28,35.84,708243.68,232279.04,475964.64
Europe,Denmark,Snacks,Offline,M,1/23/2016,855495774,2/24/2016,9065,152.58,97.44,1383137.7,883293.6,499844.1
Sub-Saharan Africa,Kenya,Vegetables,Offline,M,11/10/2012,444284808,12/14/2012,2603,154.06,90.93,401018.18,236690.79,164327.39
Sub-Saharan Africa,Guinea,Baby Food,Offline,M,6/10/2011,987964284,6/22/2011,9441,255.28,159.42,2410098.48,1505084.22,905014.26
Asia,Philippines,Personal Care,Online,C,1/16/2015,880333030,1/25/2015,8961,81.73,56.67,732382.53,507819.87,224562.66
Europe,Norway,Clothes,Offline,M,10/29/2012,835502374,11/29/2012,2574,109.28,35.84,281286.72,92252.16,189034.56
Sub-Saharan Africa,Uganda,Fruits,Offline,C,12/15/2013,737896144,1/5/2014,8722,9.33,6.92,81376.26,60356.24,21020.02
Europe,Malta,Office Supplies,Online,M,7/3/2013,992250669,8/11/2013,7878,651.21,524.96,5130232.38,4135634.88,994597.5
Europe,Hungary,Snacks,Offline,C,5/28/2011,273614776,6/25/2011,7547,152.58,97.44,1151521.26,735379.68,416141.58
Australia and Oceania,Tonga,Clothes,Online,H,3/22/2016,477349793,5/10/2016,7266,109.28,35.84,794028.48,260413.44,533615.04
Australia and Oceania,Australia,Personal Care,Offline,H,2/1/2011,869129550,3/22/2011,3603,81.73,56.67,294473.19,204182.01,90291.18
Sub-Saharan Africa,Cape Verde,Office Supplies,Online,M,6/25/2010,334940373,8/1/2010,5154,651.21,524.96,3356336.34,2705643.84,650692.5
Middle East and North Africa,Saudi Arabia,Personal Care,Offline,L,1/9/2011,531081092,1/23/2011,7552,81.73,56.67,617224.96,427971.84,189253.12
Europe,France,Beverages,Online,H,5/23/2010,934163033,7/5/2010,8456,47.45,31.79,401237.2,268816.24,132420.96
Middle East and North Africa,Saudi Arabia,Personal Care,Offline,C,2/14/2011,191110026,3/8/2011,2559,81.73,56.67,209147.07,145018.53,64128.54
Australia and Oceania,Tuvalu,Fruits,Offline,M,10/22/2016,169158399,11/7/2016,6584,9.33,6.92,61428.72,45561.28,15867.44
Asia,Singapore,Cereal,Offline,C,3/9/2013,105856978,4/6/2013,4287,205.7,117.11,881835.9,502050.57,379785.33
Australia and Oceania,Kiribati,Meat,Online,L,5/4/2017,659067094,5/25/2017,1454,421.89,364.69,613428.06,530259.26,83168.8
Middle East and North Africa,United Arab Emirates,Office Supplies,Online,L,5/6/2013,756962573,5/7/2013,902,651.21,524.96,587391.42,473513.92,113877.5
Sub-Saharan Africa,Cote d'Ivoire,Cosmetics,Online,M,8/18/2016,748029744,9/21/2016,7479,437.2,263.33,3269818.8,1969445.07,1300373.73
Europe,Italy,Personal Care,Online,C,3/9/2017,151067435,4/3/2017,3066,81.73,56.67,250584.18,173750.22,76833.96
Middle East and North Africa,Bahrain,Clothes,Offline,L,8/22/2013,805186975,10/4/2013,1574,109.28,35.84,172006.72,56412.16,115594.56
Europe,Latvia,Vegetables,Offline,L,1/18/2017,119812190,3/3/2017,3944,154.06,90.93,607612.64,358627.92,248984.72
Europe,Belgium,Vegetables,Online,L,10/22/2016,524679410,12/9/2016,3152,154.06,90.93,485597.12,286611.36,198985.76
Europe,San Marino,Fruits,Online,M,9/27/2014,919837462,10/11/2014,9201,9.33,6.92,85845.33,63670.92,22174.41
Europe,Monaco,Beverages,Online,M,9/24/2013,725647675,10/8/2013,4128,47.45,31.79,195873.6,131229.12,64644.48
Asia,South Korea,Personal Care,Online,L,12/14/2013,332783877,12/20/2013,6999,81.73,56.67,572028.27,396633.33,175394.94
Asia,Tajikistan,Baby Food,Online,C,8/19/2016,652232396,9/4/2016,8915,255.28,159.42,2275821.2,1421229.3,854591.9
Sub-Saharan Africa,Malawi,Vegetables,Online,C,9/15/2012,865292060,9/18/2012,8004,154.06,90.93,1233096.24,727803.72,505292.52
Middle East and North Africa,Algeria,Cosmetics,Online,L,11/25/2016,673574197,1/7/2017,4428,437.2,263.33,1935921.6,1166025.24,769896.36
Central America and the Caribbean,Saint Kitts and Nevis ,Vegetables,Offline,M,12/1/2010,749002635,1/19/2011,5379,154.06,90.93,828688.74,489112.47,339576.27
Central America and the Caribbean,Dominican Republic,Office Supplies,Online,H,5/24/2015,483813703,7/9/2015,81,651.21,524.96,52748.01,42521.76,10226.25
Sub-Saharan Africa,Ethiopia,Cereal,Online,H,5/20/2010,240556228,7/9/2010,4788,205.7,117.11,984891.6,560722.68,424168.92
Sub-Saharan Africa,Djibouti,Clothes,Offline,L,11/12/2014,902091538,12/20/2014,7788,109.28,35.84,851072.64,279121.92,571950.72
Central America and the Caribbean,Antigua and Barbuda ,Snacks,Offline,L,10/21/2014,721593463,11/16/2014,4396,152.58,97.44,670741.68,428346.24,242395.44
Asia,Thailand,Clothes,Online,L,5/19/2012,272548329,7/3/2012,1962,109.28,35.84,214407.36,70318.08,144089.28
Sub-Saharan Africa,Djibouti,Household,Offline,H,8/17/2014,198754966,8/28/2014,4866,668.27,502.54,3251801.82,2445359.64,806442.18
Central America and the Caribbean,Belize,Snacks,Offline,H,6/27/2014,764324700,7/3/2014,9519,152.58,97.44,1452409.02,927531.36,524877.66
Middle East and North Africa,Libya,Vegetables,Offline,C,5/2/2017,503681361,6/20/2017,9363,154.06,90.93,1442463.78,851377.59,591086.19
Asia,Tajikistan,Cosmetics,Offline,M,6/18/2014,271561276,7/10/2014,9871,437.2,263.33,4315601.2,2599330.43,1716270.77
Middle East and North Africa,Azerbaijan,Vegetables,Online,C,2/26/2017,993013274,4/14/2017,3550,154.06,90.93,546913,322801.5,224111.5
Asia,Maldives,Household,Online,M,1/21/2015,513398683,1/26/2015,4934,668.27,502.54,3297244.18,2479532.36,817711.82
Asia,Bhutan,Baby Food,Online,H,3/22/2010,348391330,4/14/2010,5591,255.28,159.42,1427270.48,891317.22,535953.26
Australia and Oceania,Tonga,Baby Food,Offline,M,5/6/2013,733977544,6/9/2013,9121,255.28,159.42,2328408.88,1454069.82,874339.06
Europe,Monaco,Vegetables,Online,M,4/6/2017,176456153,4/18/2017,6152,154.06,90.93,947777.12,559401.36,388375.76
Central America and the Caribbean,Trinidad and Tobago,Meat,Offline,M,11/13/2015,402438485,12/28/2015,9346,421.89,364.69,3942983.94,3408392.74,534591.2
Europe,Germany,Cereal,Offline,H,6/23/2015,508848369,6/30/2015,8395,205.7,117.11,1726851.5,983138.45,743713.05
Asia,Turkmenistan,Vegetables,Offline,L,11/26/2015,112922132,1/4/2016,5023,154.06,90.93,773843.38,456741.39,317101.99
Australia and Oceania,Palau,Snacks,Offline,C,3/27/2014,702208602,4/12/2014,7985,152.58,97.44,1218351.3,778058.4,440292.9
Sub-Saharan Africa,Democratic Republic of the Congo,Meat,Offline,M,3/15/2016,684569108,4/15/2016,8067,421.89,364.69,3403386.63,2941954.23,461432.4
Sub-Saharan Africa,Benin,Clothes,Online,C,3/29/2017,338177478,4/7/2017,3086,109.28,35.84,337238.08,110602.24,226635.84
Australia and Oceania,Palau,Personal Care,Offline,C,11/4/2013,461520040,12/20/2013,2891,81.73,56.67,236281.43,163832.97,72448.46
Middle East and North Africa,Afghanistan,Baby Food,Online,M,12/8/2014,123395621,12/26/2014,4361,255.28,159.42,1113276.08,695230.62,418045.46
Sub-Saharan Africa,Benin,Beverages,Offline,C,5/12/2015,712915551,6/2/2015,6409,47.45,31.79,304107.05,203742.11,100364.94
Europe,Estonia,Vegetables,Online,L,10/22/2014,989503657,11/28/2014,4976,154.06,90.93,766602.56,452467.68,314134.88
Sub-Saharan Africa,Sudan,Clothes,Offline,C,1/14/2014,232896268,1/24/2014,8036,109.28,35.84,878174.08,288010.24,590163.84
Europe,Lithuania,Cosmetics,Offline,C,1/31/2011,493142211,2/24/2011,594,437.2,263.33,259696.8,156418.02,103278.78
Sub-Saharan Africa,Zambia,Baby Food,Offline,M,8/16/2012,740602815,9/10/2012,9686,255.28,159.42,2472642.08,1544142.12,928499.96
Sub-Saharan Africa,Kenya,Beverages,Offline,M,1/14/2015,915951907,3/3/2015,9379,47.45,31.79,445033.55,298158.41,146875.14
Europe,Belgium,Fruits,Offline,C,10/8/2015,580175817,11/18/2015,5772,9.33,6.92,53852.76,39942.24,13910.52
Asia,Turkmenistan,Meat,Online,H,2/11/2017,264573371,3/25/2017,1995,421.89,364.69,841670.55,727556.55,114114
Sub-Saharan Africa,Sao Tome and Principe,Beverages,Offline,L,11/11/2014,120755898,12/30/2014,3209,47.45,31.79,152267.05,102014.11,50252.94
Europe,Latvia,Clothes,Offline,H,3/23/2017,370647227,5/12/2017,1606,109.28,35.84,175503.68,57559.04,117944.64
Central America and the Caribbean,Haiti,Cosmetics,Online,M,10/5/2010,856483685,11/21/2010,1410,437.2,263.33,616452,371295.3,245156.7
Sub-Saharan Africa,Eritrea,Fruits,Online,L,3/3/2017,590814101,4/1/2017,3877,9.33,6.92,36172.41,26828.84,9343.57
Sub-Saharan Africa,Tanzania,Beverages,Online,C,10/14/2013,906499803,10/14/2013,2291,47.45,31.79,108707.95,72830.89,35877.06
Central America and the Caribbean,El Salvador,Cosmetics,Offline,H,1/29/2013,506714618,1/29/2013,6971,437.2,263.33,3047721.2,1835673.43,1212047.77
Middle East and North Africa,Somalia,Clothes,Online,M,6/11/2013,414944875,7/16/2013,264,109.28,35.84,28849.92,9461.76,19388.16
Central America and the Caribbean,Panama,Personal Care,Online,H,7/18/2010,824989402,9/2/2010,1552,81.73,56.67,126844.96,87951.84,38893.12
Europe,Poland,Cosmetics,Offline,H,4/6/2016,650959527,5/14/2016,2245,437.2,263.33,981514,591175.85,390338.15
Sub-Saharan Africa,Kenya,Fruits,Offline,C,1/16/2017,677279078,1/24/2017,785,9.33,6.92,7324.05,5432.2,1891.85
Central America and the Caribbean,Dominica,Fruits,Online,L,7/15/2015,408684384,7/27/2015,7646,9.33,6.92,71337.18,52910.32,18426.86
Middle East and North Africa,Oman,Household,Offline,L,9/1/2011,320224273,10/18/2011,333,668.27,502.54,222533.91,167345.82,55188.09
Australia and Oceania,Fiji,Beverages,Offline,H,1/4/2014,507260072,1/24/2014,8383,47.45,31.79,397773.35,266495.57,131277.78
Europe,Greece,Fruits,Offline,C,4/5/2013,235465610,5/5/2013,8361,9.33,6.92,78008.13,57858.12,20150.01
Asia,Kazakhstan,Snacks,Online,L,4/30/2016,190827214,6/7/2016,8868,152.58,97.44,1353079.44,864097.92,488981.52
Sub-Saharan Africa,Togo,Beverages,Offline,H,4/6/2012,229643714,5/18/2012,5533,47.45,31.79,262540.85,175894.07,86646.78
Sub-Saharan Africa,Djibouti,Office Supplies,Offline,M,11/20/2013,728526437,11/23/2013,6017,651.21,524.96,3918330.57,3158684.32,759646.25
Sub-Saharan Africa,Ethiopia,Office Supplies,Online,C,2/29/2016,334399211,3/25/2016,5012,651.21,524.96,3263864.52,2631099.52,632765
Asia,Japan,Clothes,Online,C,2/11/2015,914498364,3/2/2015,9243,109.28,35.84,1010075.04,331269.12,678805.92
Asia,Myanmar,Vegetables,Offline,C,8/13/2011,806372725,9/20/2011,2464,154.06,90.93,379603.84,224051.52,155552.32
Middle East and North Africa,Yemen,Snacks,Online,M,3/9/2015,667883622,4/25/2015,461,152.58,97.44,70339.38,44919.84,25419.54
Europe,Estonia,Baby Food,Online,H,6/20/2017,327204883,8/9/2017,6051,255.28,159.42,1544699.28,964650.42,580048.86
Australia and Oceania,Palau,Fruits,Offline,C,3/6/2011,132822835,3/19/2011,4083,9.33,6.92,38094.39,28254.36,9840.03
Middle East and North Africa,Israel,Vegetables,Online,C,8/4/2016,503536307,9/16/2016,6438,154.06,90.93,991838.28,585407.34,406430.94
Australia and Oceania,Fiji,Office Supplies,Offline,L,3/13/2017,578456628,3/20/2017,7026,651.21,524.96,4575401.46,3688368.96,887032.5
North America,Mexico,Cereal,Online,M,6/20/2016,467007625,7/2/2016,6789,205.7,117.11,1396497.3,795059.79,601437.51
Middle East and North Africa,Qatar,Meat,Offline,M,5/21/2011,798925626,6/19/2011,8701,421.89,364.69,3670864.89,3173167.69,497697.2
Central America and the Caribbean,El Salvador,Beverages,Offline,H,5/3/2011,474259459,5/18/2011,2768,47.45,31.79,131341.6,87994.72,43346.88
Middle East and North Africa,Afghanistan,Office Supplies,Offline,C,8/21/2011,713370454,10/3/2011,1025,651.21,524.96,667490.25,538084,129406.25
Sub-Saharan Africa,Guinea,Cereal,Offline,H,6/15/2012,106932437,7/6/2012,2539,205.7,117.11,522272.3,297342.29,224930.01
Middle East and North Africa,Somalia,Clothes,Online,M,1/10/2015,465931737,2/2/2015,8410,109.28,35.84,919044.8,301414.4,617630.4
Sub-Saharan Africa,Djibouti,Meat,Offline,M,4/12/2010,971667182,4/24/2010,6767,421.89,364.69,2854929.63,2467857.23,387072.4
Europe,Bulgaria,Baby Food,Offline,H,12/9/2012,425750100,12/19/2012,7771,255.28,159.42,1983780.88,1238852.82,744928.06
Europe,Macedonia,Baby Food,Offline,C,4/15/2012,400104320,5/18/2012,8614,255.28,159.42,2198981.92,1373243.88,825738.04
Europe,Liechtenstein,Cosmetics,Online,H,10/25/2013,286966168,10/30/2013,8521,437.2,263.33,3725381.2,2243834.93,1481546.27
Australia and Oceania,Vanuatu,Cosmetics,Online,H,9/19/2012,448884475,10/31/2012,3746,437.2,263.33,1637751.2,986434.18,651317.02
Sub-Saharan Africa,Mozambique,Vegetables,Offline,L,10/29/2012,868720567,11/18/2012,2575,154.06,90.93,396704.5,234144.75,162559.75
Sub-Saharan Africa,Togo,Fruits,Offline,H,4/6/2015,699648272,4/12/2015,326,9.33,6.92,3041.58,2255.92,785.66
Asia,Thailand,Cereal,Online,M,8/15/2014,515153920,9/15/2014,4348,205.7,117.11,894383.6,509194.28,385189.32
Sub-Saharan Africa,Madagascar,Fruits,Offline,C,5/13/2010,959036338,5/24/2010,9019,9.33,6.92,84147.27,62411.48,21735.79
Asia,Singapore,Clothes,Offline,M,8/2/2010,495406854,8/29/2010,752,109.28,35.84,82178.56,26951.68,55226.88
Central America and the Caribbean,Jamaica,Beverages,Online,L,1/31/2013,358689296,3/22/2013,2988,47.45,31.79,141780.6,94988.52,46792.08
Sub-Saharan Africa,Mauritania,Personal Care,Online,M,9/23/2016,503619992,10/2/2016,1202,81.73,56.67,98239.46,68117.34,30122.12
North America,Mexico,Snacks,Offline,H,1/31/2010,955247771,3/1/2010,7898,152.58,97.44,1205076.84,769581.12,435495.72
Central America and the Caribbean,Antigua and Barbuda ,Office Supplies,Offline,M,1/29/2013,458933961,3/12/2013,7612,651.21,524.96,4957010.52,3995995.52,961015
Australia and Oceania,Tonga,Fruits,Online,M,8/18/2012,530352389,9/6/2012,1912,9.33,6.92,17838.96,13231.04,4607.92
Sub-Saharan Africa,South Africa,Baby Food,Offline,H,11/10/2011,505489385,12/29/2011,4397,255.28,159.42,1122466.16,700969.74,421496.42
Central America and the Caribbean,Panama,Fruits,Online,C,3/2/2011,690643775,3/4/2011,5696,9.33,6.92,53143.68,39416.32,13727.36
Central America and the Caribbean,Costa Rica,Personal Care,Online,M,1/10/2012,112426888,1/29/2012,8470,81.73,56.67,692253.1,479994.9,212258.2
Europe,Liechtenstein,Personal Care,Online,L,3/7/2013,567762553,3/31/2013,2411,81.73,56.67,197051.03,136631.37,60419.66
Sub-Saharan Africa,Comoros,Office Supplies,Online,L,6/11/2014,773887097,6/16/2014,9244,651.21,524.96,6019785.24,4852730.24,1167055
Europe,San Marino,Household,Online,C,11/25/2012,418349349,1/5/2013,7724,668.27,502.54,5161717.48,3881618.96,1280098.52
Central America and the Caribbean,Cuba,Office Supplies,Online,C,4/15/2014,609010636,5/5/2014,8636,651.21,524.96,5623849.56,4533554.56,1090295
Europe,Andorra,Beverages,Offline,H,1/11/2014,724044787,2/2/2014,9797,47.45,31.79,464867.65,311446.63,153421.02
Sub-Saharan Africa,Djibouti,Fruits,Offline,C,3/14/2016,661938130,4/22/2016,1057,9.33,6.92,9861.81,7314.44,2547.37
Europe,Serbia,Vegetables,Online,H,7/31/2014,391489493,9/19/2014,9296,154.06,90.93,1432141.76,845285.28,586856.48
Australia and Oceania,Papua New Guinea,Cosmetics,Online,L,7/31/2011,401810204,9/19/2011,3423,437.2,263.33,1496535.6,901378.59,595157.01
Asia,Brunei,Household,Online,H,6/19/2014,352324092,7/9/2014,9383,668.27,502.54,6270377.41,4715332.82,1555044.59
Europe,Finland,Meat,Offline,H,6/3/2016,422767484,6/7/2016,5148,421.89,364.69,2171889.72,1877424.12,294465.6
Asia,North Korea,Meat,Offline,H,6/28/2015,863189208,8/6/2015,5723,421.89,364.69,2414476.47,2087120.87,327355.6
Middle East and North Africa,Afghanistan,Cereal,Offline,L,10/7/2010,643950593,10/24/2010,8145,205.7,117.11,1675426.5,953860.95,721565.55
Asia,China,Baby Food,Online,L,10/11/2013,605725467,11/6/2013,6481,255.28,159.42,1654469.68,1033201.02,621268.66
Australia and Oceania,Federated States of Micronesia,Meat,Offline,H,5/26/2014,309500157,6/8/2014,6829,421.89,364.69,2881086.81,2490468.01,390618.8
Central America and the Caribbean,El Salvador,Fruits,Offline,M,12/3/2014,286573493,12/17/2014,2320,9.33,6.92,21645.6,16054.4,5591.2
North America,Canada,Vegetables,Offline,C,2/20/2011,688556802,3/22/2011,8114,154.06,90.93,1250042.84,737806.02,512236.82
Sub-Saharan Africa,Chad,Cereal,Online,L,4/6/2011,837373912,5/25/2011,6404,205.7,117.11,1317302.8,749972.44,567330.36
Australia and Oceania,New Zealand,Meat,Online,C,12/28/2016,575261151,1/17/2017,1413,421.89,364.69,596130.57,515306.97,80823.6
Europe,United Kingdom,Beverages,Online,M,3/2/2012,714767348,4/6/2012,4397,47.45,31.79,208637.65,139780.63,68857.02
Europe,United Kingdom,Cereal,Offline,C,12/27/2011,788753831,2/12/2012,8641,205.7,117.11,1777453.7,1011947.51,765506.19
Europe,Russia,Cereal,Offline,H,10/9/2013,400394427,11/23/2013,4464,205.7,117.11,918244.8,522779.04,395465.76
Sub-Saharan Africa,Guinea-Bissau,Household,Online,L,12/1/2015,573175466,1/5/2016,4212,668.27,502.54,2814753.24,2116698.48,698054.76
Middle East and North Africa,Qatar,Household,Online,L,2/2/2014,600895774,2/11/2014,7268,668.27,502.54,4856986.36,3652460.72,1204525.64
Europe,United Kingdom,Household,Online,H,8/7/2012,297666680,8/31/2012,5040,668.27,502.54,3368080.8,2532801.6,835279.2
Sub-Saharan Africa,Cote d'Ivoire,Office Supplies,Online,H,1/12/2013,447912013,2/4/2013,5973,651.21,524.96,3889677.33,3135586.08,754091.25
Sub-Saharan Africa,Mali,Fruits,Online,M,6/20/2010,556368100,7/4/2010,539,9.33,6.92,5028.87,3729.88,1298.99
Asia,Turkmenistan,Clothes,Offline,L,5/28/2012,198083770,7/11/2012,6244,109.28,35.84,682344.32,223784.96,458559.36
Australia and Oceania,Kiribati,Fruits,Online,L,4/8/2012,368420350,4/28/2012,2624,9.33,6.92,24481.92,18158.08,6323.84
Sub-Saharan Africa,South Africa,Cereal,Online,C,11/27/2015,333051669,1/7/2016,6245,205.7,117.11,1284596.5,731351.95,553244.55
Europe,Portugal,Office Supplies,Online,H,1/28/2015,777964055,2/13/2015,5707,651.21,524.96,3716455.47,2995946.72,720508.75
Central America and the Caribbean,Nicaragua,Office Supplies,Online,H,12/22/2013,659456336,2/7/2014,6639,651.21,524.96,4323383.19,3485209.44,838173.75
Middle East and North Africa,Iraq,Cereal,Offline,C,4/13/2010,354139840,5/26/2010,6703,205.7,117.11,1378807.1,784988.33,593818.77
Europe,Czech Republic,Meat,Online,H,2/7/2014,308938395,2/12/2014,591,421.89,364.69,249336.99,215531.79,33805.2
Middle East and North Africa,Afghanistan,Office Supplies,Online,C,11/21/2013,591088330,1/10/2014,5027,651.21,524.96,3273632.67,2638973.92,634658.75
Asia,Turkmenistan,Snacks,Online,M,7/9/2010,438138473,8/4/2010,3765,152.58,97.44,574463.7,366861.6,207602.1
Central America and the Caribbean,Trinidad and Tobago,Vegetables,Online,L,7/3/2013,507950150,8/22/2013,2592,154.06,90.93,399323.52,235690.56,163632.96
Europe,Serbia,Clothes,Online,C,6/29/2014,628697192,7/25/2014,4325,109.28,35.84,472636,155008,317628
Middle East and North Africa,United Arab Emirates,Meat,Online,M,10/8/2013,248865926,10/28/2013,3813,421.89,364.69,1608666.57,1390562.97,218103.6
Asia,Kazakhstan,Fruits,Online,M,6/21/2016,687255179,7/30/2016,2935,9.33,6.92,27383.55,20310.2,7073.35
Sub-Saharan Africa,Ghana,Fruits,Offline,C,8/26/2013,182976281,10/15/2013,5603,9.33,6.92,52275.99,38772.76,13503.23
Sub-Saharan Africa,Gabon,Cereal,Online,L,5/13/2016,645453059,5/22/2016,2758,205.7,117.11,567320.6,322989.38,244331.22
Middle East and North Africa,Oman,Snacks,Offline,M,1/3/2014,904421842,2/10/2014,7376,152.58,97.44,1125430.08,718717.44,406712.64
Sub-Saharan Africa,Guinea-Bissau,Snacks,Online,C,12/23/2015,759931457,2/5/2016,9460,152.58,97.44,1443406.8,921782.4,521624.4
Australia and Oceania,Australia,Cereal,Offline,L,1/5/2010,532343232,2/24/2010,1047,205.7,117.11,215367.9,122614.17,92753.73
North America,Mexico,Clothes,Offline,C,6/8/2011,612330996,6/21/2011,1204,109.28,35.84,131573.12,43151.36,88421.76
Europe,Malta,Household,Offline,H,11/21/2013,110881078,11/30/2013,1030,668.27,502.54,688318.1,517616.2,170701.9
Sub-Saharan Africa,Cote d'Ivoire,Snacks,Offline,M,11/24/2015,909292304,1/12/2016,8654,152.58,97.44,1320427.32,843245.76,477181.56
Europe,United Kingdom,Beverages,Offline,H,1/10/2017,909176003,1/16/2017,4238,47.45,31.79,201093.1,134726.02,66367.08
Middle East and North Africa,Turkey,Beverages,Online,C,2/19/2014,782456004,4/6/2014,4974,47.45,31.79,236016.3,158123.46,77892.84
Europe,Andorra,Cosmetics,Online,H,9/17/2012,821368634,10/30/2012,86,437.2,263.33,37599.2,22646.38,14952.82
Europe,Bulgaria,Office Supplies,Online,M,7/11/2015,488462722,7/22/2015,5829,651.21,524.96,3795903.09,3059991.84,735911.25
Australia and Oceania,Solomon Islands,Cosmetics,Offline,H,4/7/2011,666599595,5/7/2011,488,437.2,263.33,213353.6,128505.04,84848.56
Europe,Bulgaria,Snacks,Online,C,3/10/2016,508953082,3/25/2016,9382,152.58,97.44,1431505.56,914182.08,517323.48
Middle East and North Africa,Jordan,Personal Care,Offline,M,5/1/2017,589009511,6/16/2017,9858,81.73,56.67,805694.34,558652.86,247041.48
Australia and Oceania,East Timor,Beverages,Offline,H,2/23/2014,650567710,4/3/2014,6297,47.45,31.79,298792.65,200181.63,98611.02
Sub-Saharan Africa,Chad,Beverages,Offline,C,9/25/2014,957739007,10/22/2014,5110,47.45,31.79,242469.5,162446.9,80022.6
Asia,Nepal,Household,Offline,L,11/19/2016,944947230,12/17/2016,9739,668.27,502.54,6508281.53,4894237.06,1614044.47
Central America and the Caribbean,Belize,Cosmetics,Offline,L,11/24/2011,566928708,12/20/2011,5658,437.2,263.33,2473677.6,1489921.14,983756.46
Australia and Oceania,Tonga,Meat,Offline,C,1/22/2011,748732268,3/3/2011,5372,421.89,364.69,2266393.08,1959114.68,307278.4
Asia,Nepal,Office Supplies,Online,M,7/30/2011,235719239,8/4/2011,3416,651.21,524.96,2224533.36,1793263.36,431270
Asia,India,Clothes,Offline,H,7/6/2015,543563449,8/19/2015,1359,109.28,35.84,148511.52,48706.56,99804.96
Sub-Saharan Africa,Mauritius ,Cosmetics,Online,M,11/4/2010,108251225,12/16/2010,2798,437.2,263.33,1223285.6,736797.34,486488.26
Sub-Saharan Africa,Tanzania,Office Supplies,Offline,M,2/11/2013,136081397,3/5/2013,8364,651.21,524.96,5446720.44,4390765.44,1055955
Central America and the Caribbean,Antigua and Barbuda ,Beverages,Online,L,3/25/2016,553665292,4/17/2016,718,47.45,31.79,34069.1,22825.22,11243.88
Europe,Switzerland,Fruits,Online,M,5/11/2011,457926738,5/30/2011,9553,9.33,6.92,89129.49,66106.76,23022.73
Europe,France,Household,Offline,H,6/16/2013,366102063,8/5/2013,6591,668.27,502.54,4404567.57,3312241.14,1092326.43
Asia,South Korea,Clothes,Offline,C,1/16/2012,865740096,2/28/2012,588,109.28,35.84,64256.64,21073.92,43182.72
Europe,Spain,Personal Care,Offline,L,11/3/2012,364702165,12/10/2012,2330,81.73,56.67,190430.9,132041.1,58389.8
Australia and Oceania,Federated States of Micronesia,Vegetables,Offline,L,4/16/2011,941162097,4/28/2011,9634,154.06,90.93,1484214.04,876019.62,608194.42
Central America and the Caribbean,The Bahamas,Cereal,Online,M,6/17/2011,693606221,6/26/2011,2349,205.7,117.11,483189.3,275091.39,208097.91
Sub-Saharan Africa,South Sudan,Beverages,Offline,M,9/11/2014,490833365,9/20/2014,7355,47.45,31.79,348994.75,233815.45,115179.3
Europe,Denmark,Household,Offline,M,11/4/2015,821954858,11/10/2015,3563,668.27,502.54,2381046.01,1790550.02,590495.99
Sub-Saharan Africa,Gabon,Fruits,Online,C,8/6/2014,446394526,9/6/2014,6915,9.33,6.92,64516.95,47851.8,16665.15
Sub-Saharan Africa,Seychelles ,Office Supplies,Offline,L,9/17/2011,443888700,10/15/2011,5385,651.21,524.96,3506765.85,2826909.6,679856.25
Sub-Saharan Africa,Ghana,Beverages,Online,L,10/17/2012,164486205,11/18/2012,3978,47.45,31.79,188756.1,126460.62,62295.48
Europe,Poland,Vegetables,Offline,H,12/14/2016,378548371,1/21/2017,9730,154.06,90.93,1499003.8,884748.9,614254.9
Europe,Czech Republic,Fruits,Offline,H,12/28/2012,126749026,1/29/2013,6708,9.33,6.92,62585.64,46419.36,16166.28
Sub-Saharan Africa,Angola,Baby Food,Online,L,7/2/2013,770074498,7/14/2013,1012,255.28,159.42,258343.36,161333.04,97010.32
Asia,Thailand,Cosmetics,Online,C,3/16/2013,139823615,3/31/2013,5770,437.2,263.33,2522644,1519414.1,1003229.9
Europe,Andorra,Beverages,Offline,L,6/19/2015,187607705,7/30/2015,6144,47.45,31.79,291532.8,195317.76,96215.04
Asia,Maldives,Meat,Offline,H,5/5/2013,235350596,5/30/2013,4326,421.89,364.69,1825096.14,1577648.94,247447.2
Europe,Greece,Cereal,Online,L,2/15/2016,125288617,3/8/2016,4541,205.7,117.11,934083.7,531796.51,402287.19
Europe,Greece,Snacks,Offline,H,3/19/2015,669970595,4/7/2015,8042,152.58,97.44,1227048.36,783612.48,443435.88
Middle East and North Africa,Libya,Meat,Online,C,8/30/2010,502257859,9/20/2010,8117,421.89,364.69,3424481.13,2960188.73,464292.4
Europe,Lithuania,Fruits,Online,M,12/9/2014,125324237,12/26/2014,5082,9.33,6.92,47415.06,35167.44,12247.62
Europe,Hungary,Snacks,Online,M,4/17/2011,562656056,4/30/2011,1285,152.58,97.44,196065.3,125210.4,70854.9
Sub-Saharan Africa,Swaziland,Baby Food,Online,L,7/16/2010,208052146,7/17/2010,6108,255.28,159.42,1559250.24,973737.36,585512.88
Central America and the Caribbean,Saint Vincent and the Grenadines,Office Supplies,Offline,M,12/25/2016,675623834,1/31/2017,961,651.21,524.96,625812.81,504486.56,121326.25
Sub-Saharan Africa,Djibouti,Clothes,Online,L,1/25/2017,949794948,2/10/2017,4286,109.28,35.84,468374.08,153610.24,314763.84
Asia,Nepal,Office Supplies,Offline,M,6/11/2013,535301816,7/26/2013,6558,651.21,524.96,4270635.18,3442687.68,827947.5
Asia,Singapore,Cereal,Offline,H,8/13/2013,807193267,8/31/2013,5280,205.7,117.11,1086096,618340.8,467755.2
Asia,Brunei,Snacks,Offline,L,1/1/2011,960830628,2/18/2011,9990,152.58,97.44,1524274.2,973425.6,550848.6
Europe,Netherlands,Cosmetics,Online,H,6/14/2011,261887729,7/13/2011,7253,437.2,263.33,3171011.6,1909932.49,1261079.11
Australia and Oceania,Marshall Islands,Cosmetics,Offline,C,4/19/2014,296350896,5/12/2014,5671,437.2,263.33,2479361.2,1493344.43,986016.77
Europe,Malta,Cosmetics,Offline,L,2/29/2016,920518958,3/29/2016,871,437.2,263.33,380801.2,229360.43,151440.77
Sub-Saharan Africa,Cape Verde,Baby Food,Online,C,9/22/2014,711003243,10/1/2014,515,255.28,159.42,131469.2,82101.3,49367.9
Australia and Oceania,Palau,Clothes,Online,L,7/8/2012,114727580,7/22/2012,9295,109.28,35.84,1015757.6,333132.8,682624.8
Europe,Croatia,Fruits,Offline,C,2/20/2013,998928296,2/27/2013,3936,9.33,6.92,36722.88,27237.12,9485.76
Middle East and North Africa,Somalia,Meat,Online,H,6/20/2017,801154220,8/1/2017,8192,421.89,364.69,3456122.88,2987540.48,468582.4
Asia,Sri Lanka,Cereal,Online,H,4/18/2012,179266679,5/19/2012,7849,205.7,117.11,1614539.3,919196.39,695342.91
Sub-Saharan Africa,Burundi,Household,Online,H,12/28/2011,761439502,1/27/2012,5724,668.27,502.54,3825177.48,2876538.96,948638.52
Central America and the Caribbean,Jamaica,Beverages,Offline,M,11/1/2016,196159017,11/6/2016,6667,47.45,31.79,316349.15,211943.93,104405.22
Australia and Oceania,Papua New Guinea,Vegetables,Offline,H,10/28/2016,702224051,11/10/2016,2557,154.06,90.93,393931.42,232508.01,161423.41
Sub-Saharan Africa,Angola,Fruits,Offline,M,7/31/2010,518745934,8/20/2010,7305,9.33,6.92,68155.65,50550.6,17605.05
Asia,China,Fruits,Offline,C,9/24/2016,655148494,10/28/2016,1853,9.33,6.92,17288.49,12822.76,4465.73
Europe,Albania,Vegetables,Online,L,2/7/2017,841168057,3/4/2017,9176,154.06,90.93,1413654.56,834373.68,579280.88
Asia,Cambodia,Beverages,Online,H,7/8/2013,876853454,7/9/2013,9277,47.45,31.79,440193.65,294915.83,145277.82
Sub-Saharan Africa,The Gambia,Beverages,Offline,C,6/9/2016,182566010,7/13/2016,4194,47.45,31.79,199005.3,133327.26,65678.04
Europe,Ireland,Personal Care,Online,H,11/19/2010,948979556,12/23/2010,2994,81.73,56.67,244699.62,169669.98,75029.64
Sub-Saharan Africa,Benin,Clothes,Online,M,3/25/2013,487080419,4/17/2013,6775,109.28,35.84,740372,242816,497556
Sub-Saharan Africa,Lesotho,Vegetables,Online,M,6/1/2014,678167426,6/15/2014,3667,154.06,90.93,564938.02,333440.31,231497.71
Sub-Saharan Africa,Malawi,Cereal,Online,M,1/6/2014,323851907,2/6/2014,3831,205.7,117.11,788036.7,448648.41,339388.29
Middle East and North Africa,Bahrain,Beverages,Offline,M,6/15/2016,996057689,7/22/2016,4460,47.45,31.79,211627,141783.4,69843.6
Middle East and North Africa,Morocco,Vegetables,Offline,L,1/30/2012,287021100,2/7/2012,4777,154.06,90.93,735944.62,434372.61,301572.01
Sub-Saharan Africa,Burundi,Beverages,Offline,C,3/27/2011,359290969,4/5/2011,1037,47.45,31.79,49205.65,32966.23,16239.42
Middle East and North Africa,Lebanon,Cosmetics,Online,H,3/5/2010,295728623,3/23/2010,1526,437.2,263.33,667167.2,401841.58,265325.62
Sub-Saharan Africa,Guinea-Bissau,Personal Care,Offline,C,1/7/2010,149507892,1/8/2010,1562,81.73,56.67,127662.26,88518.54,39143.72
Europe,Croatia,Vegetables,Online,L,12/11/2012,494115102,1/18/2013,8494,154.06,90.93,1308585.64,772359.42,536226.22
Asia,Taiwan,Snacks,Offline,C,10/31/2010,173349082,12/16/2010,6700,152.58,97.44,1022286,652848,369438
Europe,Greece,Fruits,Offline,C,10/12/2011,351321160,10/16/2011,2593,9.33,6.92,24192.69,17943.56,6249.13
Central America and the Caribbean,Nicaragua,Household,Offline,L,8/1/2013,462455165,9/5/2013,9615,668.27,502.54,6425416.05,4831922.1,1593493.95
Europe,Italy,Baby Food,Online,M,2/10/2015,461487424,3/2/2015,3239,255.28,159.42,826851.92,516361.38,310490.54
Europe,Slovenia,Office Supplies,Online,C,7/3/2012,373466765,8/1/2012,5970,651.21,524.96,3887723.7,3134011.2,753712.5
Sub-Saharan Africa,Cape Verde,Personal Care,Offline,C,7/18/2010,743754518,9/3/2010,2344,81.73,56.67,191575.12,132834.48,58740.64
Asia,Turkmenistan,Office Supplies,Offline,C,4/17/2011,388024508,6/3/2011,3930,651.21,524.96,2559255.3,2063092.8,496162.5
Sub-Saharan Africa,Namibia,Meat,Offline,C,4/19/2010,442263066,5/1/2010,4324,421.89,364.69,1824252.36,1576919.56,247332.8
Middle East and North Africa,Oman,Clothes,Offline,M,7/17/2015,312769019,8/5/2015,4158,109.28,35.84,454386.24,149022.72,305363.52
Central America and the Caribbean,El Salvador,Vegetables,Offline,H,5/3/2013,826153695,5/6/2013,6092,154.06,90.93,938533.52,553945.56,384587.96
Sub-Saharan Africa,Burkina Faso,Cereal,Offline,L,1/4/2010,179340922,2/15/2010,9819,205.7,117.11,2019768.3,1149903.09,869865.21
Asia,North Korea,Cosmetics,Online,C,12/10/2012,689567029,1/2/2013,7062,437.2,263.33,3087506.4,1859636.46,1227869.94
Sub-Saharan Africa,Cape Verde,Baby Food,Online,M,8/27/2011,244380843,9/19/2011,6577,255.28,159.42,1678976.56,1048505.34,630471.22
Europe,Serbia,Snacks,Offline,C,11/14/2011,851643693,12/17/2011,9149,152.58,97.44,1395954.42,891478.56,504475.86
Sub-Saharan Africa,Cameroon,Snacks,Online,L,8/6/2016,989529407,9/6/2016,2596,152.58,97.44,396097.68,252954.24,143143.44
Europe,Norway,Cereal,Online,C,10/5/2014,556524312,10/14/2014,6766,205.7,117.11,1391766.2,792366.26,599399.94
Europe,Denmark,Personal Care,Offline,L,4/14/2015,421427237,6/1/2015,8539,81.73,56.67,697892.47,483905.13,213987.34
Sub-Saharan Africa,The Gambia,Fruits,Offline,L,1/3/2013,173349511,2/13/2013,6827,9.33,6.92,63695.91,47242.84,16453.07
Central America and the Caribbean,The Bahamas,Baby Food,Online,C,3/14/2015,371714961,4/2/2015,7572,255.28,159.42,1932980.16,1207128.24,725851.92
Europe,Netherlands,Meat,Offline,L,1/16/2015,296259915,2/14/2015,8747,421.89,364.69,3690271.83,3189943.43,500328.4
North America,Greenland,Personal Care,Online,M,7/29/2010,197033202,7/31/2010,5358,81.73,56.67,437909.34,303637.86,134271.48
Sub-Saharan Africa,Mozambique,Clothes,Online,C,1/16/2016,844396150,2/22/2016,4440,109.28,35.84,485203.2,159129.6,326073.6
Sub-Saharan Africa,Cape Verde,Household,Online,C,9/5/2012,379022586,9/22/2012,61,668.27,502.54,40764.47,30654.94,10109.53
Europe,Monaco,Household,Online,M,1/28/2013,161898839,3/10/2013,8319,668.27,502.54,5559338.13,4180630.26,1378707.87
Sub-Saharan Africa,Republic of the Congo,Fruits,Offline,L,12/17/2011,724323737,1/31/2012,2345,9.33,6.92,21878.85,16227.4,5651.45
Asia,Myanmar,Household,Online,M,9/8/2012,417908608,10/6/2012,7299,668.27,502.54,4877702.73,3668039.46,1209663.27
Europe,Switzerland,Cosmetics,Offline,H,11/25/2015,364577281,12/25/2015,5374,437.2,263.33,2349512.8,1415135.42,934377.38
Sub-Saharan Africa,Namibia,Snacks,Online,C,9/24/2015,406566083,9/25/2015,794,152.58,97.44,121148.52,77367.36,43781.16
Europe,Albania,Snacks,Online,L,2/27/2011,456423842,3/31/2011,4813,152.58,97.44,734367.54,468978.72,265388.82
Australia and Oceania,New Zealand,Cereal,Offline,M,5/19/2017,947011888,6/11/2017,717,205.7,117.11,147486.9,83967.87,63519.03
Europe,Luxembourg,Household,Online,H,7/30/2016,581504046,8/17/2016,8825,668.27,502.54,5897482.75,4434915.5,1462567.25
Asia,India,Cosmetics,Online,M,9/18/2014,383386647,10/7/2014,1483,437.2,263.33,648367.6,390518.39,257849.21
Central America and the Caribbean,Haiti,Meat,Online,C,1/12/2015,546458518,2/2/2015,8074,421.89,364.69,3406339.86,2944507.06,461832.8
Sub-Saharan Africa,Nigeria,Vegetables,Online,C,4/8/2014,884830987,5/7/2014,7,154.06,90.93,1078.42,636.51,441.91
Sub-Saharan Africa,Madagascar,Vegetables,Online,L,1/2/2014,382927882,2/8/2014,5725,154.06,90.93,881993.5,520574.25,361419.25
Europe,Netherlands,Snacks,Offline,L,11/23/2016,345485532,11/25/2016,5701,152.58,97.44,869858.58,555505.44,314353.14
Asia,Vietnam,Meat,Online,L,4/20/2015,347552764,5/12/2015,7441,421.89,364.69,3139283.49,2713658.29,425625.2
Asia,Vietnam,Personal Care,Online,L,3/17/2010,484490907,3/20/2010,481,81.73,56.67,39312.13,27258.27,12053.86
Asia,Maldives,Office Supplies,Online,L,1/16/2015,921973788,3/3/2015,1387,651.21,524.96,903228.27,728119.52,175108.75
Europe,Serbia,Cosmetics,Offline,C,12/28/2013,545987737,1/5/2014,8759,437.2,263.33,3829434.8,2306507.47,1522927.33
Europe,Andorra,Cereal,Online,H,4/1/2011,112831580,5/12/2011,8227,205.7,117.11,1692293.9,963463.97,728829.93
Middle East and North Africa,Yemen,Baby Food,Offline,C,1/25/2012,899116647,1/29/2012,7451,255.28,159.42,1902091.28,1187838.42,714252.86
Sub-Saharan Africa,Angola,Cosmetics,Offline,M,5/29/2011,651766765,5/30/2011,1124,437.2,263.33,491412.8,295982.92,195429.88
North America,United States of America,Vegetables,Offline,M,11/11/2012,338018262,12/26/2012,5970,154.06,90.93,919738.2,542852.1,376886.1
Europe,Luxembourg,Vegetables,Offline,M,4/26/2017,995419967,6/1/2017,5743,154.06,90.93,884766.58,522210.99,362555.59
Central America and the Caribbean,Jamaica,Beverages,Offline,C,7/25/2011,581833207,9/4/2011,6230,47.45,31.79,295613.5,198051.7,97561.8
Australia and Oceania,Nauru,Snacks,Offline,L,7/14/2017,725431811,7/27/2017,249,152.58,97.44,37992.42,24262.56,13729.86
Asia,Kazakhstan,Meat,Offline,L,10/20/2012,874702107,11/8/2012,2646,421.89,364.69,1116320.94,964969.74,151351.2
Australia and Oceania,New Zealand,Household,Offline,H,1/28/2010,548442924,2/12/2010,5304,668.27,502.54,3544504.08,2665472.16,879031.92
Central America and the Caribbean,Honduras,Meat,Online,M,7/22/2015,685765588,8/10/2015,2132,421.89,364.69,899469.48,777519.08,121950.4
Europe,Georgia,Personal Care,Offline,L,7/28/2017,496093928,9/3/2017,4073,81.73,56.67,332886.29,230816.91,102069.38
Europe,Italy,Baby Food,Online,H,2/5/2013,609164273,3/17/2013,4100,255.28,159.42,1046648,653622,393026
Europe,Cyprus,Cosmetics,Online,L,7/15/2011,825025451,8/20/2011,2220,437.2,263.33,970584,584592.6,385991.4
Central America and the Caribbean,Trinidad and Tobago,Beverages,Offline,M,10/6/2015,564038789,11/22/2015,467,47.45,31.79,22159.15,14845.93,7313.22
Europe,Andorra,Personal Care,Offline,M,10/22/2010,216878116,11/23/2010,7909,81.73,56.67,646402.57,448203.03,198199.54
Australia and Oceania,Samoa ,Baby Food,Offline,L,1/16/2013,694529759,1/31/2013,5645,255.28,159.42,1441055.6,899925.9,541129.7
Sub-Saharan Africa,Uganda,Baby Food,Online,C,5/29/2013,278292548,6/5/2013,1804,255.28,159.42,460525.12,287593.68,172931.44
Asia,Vietnam,Meat,Offline,C,6/24/2011,469777810,7/27/2011,6548,421.89,364.69,2762535.72,2387990.12,374545.6
Asia,Thailand,Cosmetics,Online,C,9/4/2011,140909373,9/9/2011,7070,437.2,263.33,3091004,1861743.1,1229260.9
Middle East and North Africa,Morocco,Household,Offline,M,12/3/2011,483923566,12/4/2011,2592,668.27,502.54,1732155.84,1302583.68,429572.16
Asia,Tajikistan,Personal Care,Offline,C,12/27/2014,961369216,2/1/2015,9370,81.73,56.67,765810.1,530997.9,234812.2
Europe,Serbia,Vegetables,Offline,H,2/17/2017,656107652,3/24/2017,5689,154.06,90.93,876447.34,517300.77,359146.57
Europe,Bulgaria,Meat,Offline,H,11/24/2011,521312701,12/10/2011,6868,421.89,364.69,2897540.52,2504690.92,392849.6
Europe,Switzerland,Fruits,Offline,H,8/8/2016,230470693,8/16/2016,254,9.33,6.92,2369.82,1757.68,612.14
Europe,Hungary,Baby Food,Offline,L,7/25/2015,427380454,8/23/2015,229,255.28,159.42,58459.12,36507.18,21951.94
Asia,Myanmar,Clothes,Offline,H,11/14/2016,476153314,11/24/2016,3202,109.28,35.84,349914.56,114759.68,235154.88
Middle East and North Africa,Qatar,Clothes,Offline,M,10/3/2010,711213099,10/23/2010,2616,109.28,35.84,285876.48,93757.44,192119.04
Middle East and North Africa,Yemen,Baby Food,Online,M,3/24/2011,187296140,5/5/2011,3945,255.28,159.42,1007079.6,628911.9,378167.7
Asia,Kyrgyzstan,Office Supplies,Online,M,6/4/2014,729451262,7/21/2014,9693,651.21,524.96,6312178.53,5088437.28,1223741.25
Europe,Germany,Beverages,Online,L,7/24/2017,183039796,8/10/2017,4398,47.45,31.79,208685.1,139812.42,68872.68
Europe,Belarus,Fruits,Online,H,2/14/2015,963735568,3/13/2015,9626,9.33,6.92,89810.58,66611.92,23198.66
Sub-Saharan Africa,Uganda,Cereal,Online,L,3/25/2010,607524907,4/5/2010,8975,205.7,117.11,1846157.5,1051062.25,795095.25
Central America and the Caribbean,Grenada,Fruits,Online,C,11/11/2010,320706641,12/26/2010,3077,9.33,6.92,28708.41,21292.84,7415.57
Sub-Saharan Africa,Chad,Baby Food,Offline,H,12/1/2010,929892098,12/14/2010,4591,255.28,159.42,1171990.48,731897.22,440093.26
Sub-Saharan Africa,Zambia,Cereal,Offline,H,9/15/2016,632005107,10/28/2016,3211,205.7,117.11,660502.7,376040.21,284462.49
Sub-Saharan Africa,Mauritania,Clothes,Online,H,11/26/2012,844281995,12/19/2012,659,109.28,35.84,72015.52,23618.56,48396.96
Europe,Latvia,Meat,Offline,H,9/28/2011,354271590,10/29/2011,5691,421.89,364.69,2400975.99,2075450.79,325525.2
North America,Canada,Vegetables,Online,H,5/16/2011,269835221,5/22/2011,9093,154.06,90.93,1400867.58,826826.49,574041.09
Europe,Serbia,Personal Care,Offline,L,10/21/2014,869146716,11/17/2014,8683,81.73,56.67,709661.59,492065.61,217595.98
Europe,Lithuania,Fruits,Offline,C,12/19/2010,250692403,1/25/2011,4308,9.33,6.92,40193.64,29811.36,10382.28
Sub-Saharan Africa,Sao Tome and Principe,Meat,Offline,M,5/6/2016,183271110,5/20/2016,2849,421.89,364.69,1201964.61,1039001.81,162962.8
Middle East and North Africa,Syria,Cereal,Offline,H,8/24/2010,255994164,8/27/2010,3217,205.7,117.11,661736.9,376742.87,284994.03
Europe,Macedonia,Beverages,Online,M,4/11/2016,128285396,5/18/2016,1354,47.45,31.79,64247.3,43043.66,21203.64
Asia,Nepal,Snacks,Offline,C,4/11/2011,879881131,4/19/2011,5234,152.58,97.44,798603.72,510000.96,288602.76
Europe,Hungary,Office Supplies,Offline,L,5/25/2016,960830199,5/26/2016,9863,651.21,524.96,6422884.23,5177680.48,1245203.75
Middle East and North Africa,Tunisia ,Office Supplies,Online,C,8/9/2015,241493928,8/23/2015,2275,651.21,524.96,1481502.75,1194284,287218.75
Asia,Thailand,Vegetables,Online,C,11/2/2012,462546145,12/2/2012,6538,154.06,90.93,1007244.28,594500.34,412743.94
Europe,Albania,Personal Care,Offline,M,2/15/2013,284973180,4/3/2013,8751,81.73,56.67,715219.23,495919.17,219300.06
Europe,Greece,Personal Care,Offline,C,3/10/2011,240073859,3/11/2011,2045,81.73,56.67,167137.85,115890.15,51247.7
Australia and Oceania,New Zealand,Personal Care,Offline,L,5/21/2010,479459512,7/5/2010,1579,81.73,56.67,129051.67,89481.93,39569.74
Asia,Bhutan,Baby Food,Online,L,5/11/2011,325053966,5/24/2011,9547,255.28,159.42,2437158.16,1521982.74,915175.42
Europe,Germany,Clothes,Online,M,10/22/2015,519093549,10/31/2015,171,109.28,35.84,18686.88,6128.64,12558.24
Middle East and North Africa,Somalia,Cereal,Offline,H,2/24/2015,974127089,3/18/2015,4708,205.7,117.11,968435.6,551353.88,417081.72
Sub-Saharan Africa,Guinea,Beverages,Online,H,12/31/2016,323015916,1/3/2017,6442,47.45,31.79,305672.9,204791.18,100881.72
Europe,Russia,Cosmetics,Online,H,2/12/2011,868933856,3/31/2011,5692,437.2,263.33,2488542.4,1498874.36,989668.04
Sub-Saharan Africa,Gabon,Household,Offline,L,1/14/2011,935367238,1/18/2011,4807,668.27,502.54,3212373.89,2415709.78,796664.11
Europe,Latvia,Fruits,Online,M,6/4/2012,716114890,6/23/2012,3164,9.33,6.92,29520.12,21894.88,7625.24
Asia,Nepal,Office Supplies,Offline,L,1/9/2012,925288140,2/27/2012,2178,651.21,524.96,1418335.38,1143362.88,274972.5
Australia and Oceania,East Timor,Cereal,Online,C,5/31/2011,547310817,7/6/2011,288,205.7,117.11,59241.6,33727.68,25513.92
Sub-Saharan Africa,Senegal,Office Supplies,Offline,H,3/31/2013,886919248,5/9/2013,7970,651.21,524.96,5190143.7,4183931.2,1006212.5
Middle East and North Africa,Syria,Cosmetics,Online,L,6/15/2017,619162261,6/18/2017,2727,437.2,263.33,1192244.4,718100.91,474143.49
Europe,Estonia,Meat,Offline,H,6/17/2017,739401185,7/25/2017,4097,421.89,364.69,1728483.33,1494134.93,234348.4
Sub-Saharan Africa,Guinea-Bissau,Snacks,Offline,L,7/14/2011,513309848,8/23/2011,8646,152.58,97.44,1319206.68,842466.24,476740.44
Asia,Myanmar,Vegetables,Online,M,2/27/2014,626874577,3/20/2014,4973,154.06,90.93,766140.38,452194.89,313945.49
Middle East and North Africa,Jordan,Cosmetics,Offline,H,5/20/2014,936394202,6/19/2014,8708,437.2,263.33,3807137.6,2293077.64,1514059.96
Sub-Saharan Africa,Uganda,Fruits,Online,L,6/15/2017,918480050,7/13/2017,7512,9.33,6.92,70086.96,51983.04,18103.92
Europe,Malta,Snacks,Offline,M,10/8/2010,120055949,10/25/2010,6078,152.58,97.44,927381.24,592240.32,335140.92
Sub-Saharan Africa,Rwanda,Personal Care,Offline,H,1/22/2013,408358228,1/31/2013,1129,81.73,56.67,92273.17,63980.43,28292.74
Central America and the Caribbean,Saint Lucia,Office Supplies,Online,C,1/25/2010,120935714,2/2/2010,6420,651.21,524.96,4180768.2,3370243.2,810525
Middle East and North Africa,Lebanon,Baby Food,Online,C,4/20/2011,815649735,5/18/2011,7737,255.28,159.42,1975101.36,1233432.54,741668.82
Europe,Armenia,Cosmetics,Offline,L,12/24/2015,520674121,1/16/2016,7898,437.2,263.33,3453005.6,2079780.34,1373225.26
North America,Canada,Vegetables,Online,M,10/25/2016,484495198,11/5/2016,1751,154.06,90.93,269759.06,159218.43,110540.63
Asia,Bhutan,Cosmetics,Online,L,5/18/2011,225911796,7/3/2011,1175,437.2,263.33,513710,309412.75,204297.25
Central America and the Caribbean,Saint Kitts and Nevis ,Beverages,Offline,M,6/6/2013,684035241,7/22/2013,83,47.45,31.79,3938.35,2638.57,1299.78
Sub-Saharan Africa,Gabon,Cereal,Online,C,4/25/2011,168289363,5/13/2011,9417,205.7,117.11,1937076.9,1102824.87,834252.03
Central America and the Caribbean,Barbados,Beverages,Online,H,2/21/2017,208410489,3/27/2017,2150,47.45,31.79,102017.5,68348.5,33669
Sub-Saharan Africa,Cameroon,Personal Care,Offline,M,1/9/2010,604447448,2/28/2010,8287,81.73,56.67,677296.51,469624.29,207672.22
Central America and the Caribbean,Honduras,Cosmetics,Online,H,7/24/2015,776761567,8/31/2015,9864,437.2,263.33,4312540.8,2597487.12,1715053.68
Middle East and North Africa,Somalia,Snacks,Online,H,3/16/2011,216026675,3/25/2011,5949,152.58,97.44,907698.42,579670.56,328027.86
Europe,Finland,Office Supplies,Online,M,4/30/2013,733229100,6/4/2013,7640,651.21,524.96,4975244.4,4010694.4,964550
Asia,Myanmar,Beverages,Online,L,11/14/2012,609667670,12/13/2012,3067,47.45,31.79,145529.15,97499.93,48029.22
North America,Mexico,Baby Food,Online,L,12/25/2016,446953713,1/7/2017,2391,255.28,159.42,610374.48,381173.22,229201.26
Middle East and North Africa,Azerbaijan,Personal Care,Offline,C,12/10/2014,917011058,12/13/2014,2805,81.73,56.67,229252.65,158959.35,70293.3
Europe,Albania,Cosmetics,Online,M,3/28/2012,512076032,4/21/2012,3532,437.2,263.33,1544190.4,930081.56,614108.84
Central America and the Caribbean,Honduras,Office Supplies,Online,H,8/23/2011,494697463,10/2/2011,827,651.21,524.96,538550.67,434141.92,104408.75
Sub-Saharan Africa,Namibia,Clothes,Offline,L,12/27/2016,847736680,1/26/2017,2977,109.28,35.84,325326.56,106695.68,218630.88
Sub-Saharan Africa,Uganda,Household,Offline,C,3/31/2014,724367511,4/8/2014,5298,668.27,502.54,3540494.46,2662456.92,878037.54
Sub-Saharan Africa,The Gambia,Vegetables,Online,H,2/28/2013,698076283,3/6/2013,5140,154.06,90.93,791868.4,467380.2,324488.2
Sub-Saharan Africa,Cameroon,Fruits,Offline,C,3/12/2013,512661826,4/23/2013,6882,9.33,6.92,64209.06,47623.44,16585.62
Sub-Saharan Africa,South Africa,Office Supplies,Offline,L,11/12/2014,432235467,12/27/2014,6935,651.21,524.96,4516141.35,3640597.6,875543.75
Sub-Saharan Africa,Swaziland,Cereal,Online,H,12/23/2015,791221034,1/26/2016,8742,205.7,117.11,1798229.4,1023775.62,774453.78
Middle East and North Africa,Morocco,Cosmetics,Offline,L,5/22/2015,644354856,7/4/2015,7776,437.2,263.33,3399667.2,2047654.08,1352013.12
Sub-Saharan Africa,Cape Verde,Household,Online,C,10/26/2016,916685760,12/7/2016,6542,668.27,502.54,4371822.34,3287616.68,1084205.66
Asia,Mongolia,Office Supplies,Offline,C,6/23/2017,353575074,7/8/2017,9577,651.21,524.96,6236638.17,5027541.92,1209096.25
Europe,United Kingdom,Fruits,Online,C,11/7/2011,470696628,12/13/2011,8447,9.33,6.92,78810.51,58453.24,20357.27
Asia,Japan,Snacks,Offline,L,8/20/2010,604036748,9/28/2010,6752,152.58,97.44,1030220.16,657914.88,372305.28
Asia,North Korea,Beverages,Online,M,3/26/2014,159894263,5/13/2014,5121,47.45,31.79,242991.45,162796.59,80194.86
Sub-Saharan Africa,South Africa,Snacks,Online,M,7/16/2016,864880502,7/16/2016,6215,152.58,97.44,948284.7,605589.6,342695.1
Middle East and North Africa,Libya,Vegetables,Offline,C,4/21/2016,915919291,5/13/2016,9727,154.06,90.93,1498541.62,884476.11,614065.51
Central America and the Caribbean,Saint Kitts and Nevis ,Personal Care,Offline,M,5/3/2013,830246961,5/5/2013,7380,81.73,56.67,603167.4,418224.6,184942.8
Middle East and North Africa,Azerbaijan,Cosmetics,Offline,H,4/19/2012,295412337,5/6/2012,7930,437.2,263.33,3466996,2088206.9,1378789.1
Central America and the Caribbean,Saint Kitts and Nevis ,Baby Food,Online,H,5/7/2011,419276750,5/14/2011,2162,255.28,159.42,551915.36,344666.04,207249.32
Europe,Finland,Meat,Online,H,6/26/2013,580014026,6/27/2013,7894,421.89,364.69,3330399.66,2878862.86,451536.8
Europe,Malta,Household,Online,H,3/20/2015,676110494,5/2/2015,4975,668.27,502.54,3324643.25,2500136.5,824506.75
Europe,Moldova ,Personal Care,Online,M,4/23/2010,676364982,5/1/2010,283,81.73,56.67,23129.59,16037.61,7091.98
Sub-Saharan Africa,Madagascar,Cereal,Online,H,5/1/2016,169888818,6/15/2016,2731,205.7,117.11,561766.7,319827.41,241939.29
Europe,France,Cereal,Offline,H,4/3/2010,616105830,5/5/2010,8261,205.7,117.11,1699287.7,967445.71,731841.99
Sub-Saharan Africa,Malawi,Fruits,Online,L,7/22/2015,394752347,8/7/2015,4847,9.33,6.92,45222.51,33541.24,11681.27
Middle East and North Africa,Yemen,Meat,Offline,H,2/15/2015,655877196,3/16/2015,7492,421.89,364.69,3160799.88,2732257.48,428542.4
Sub-Saharan Africa,Eritrea,Fruits,Offline,M,8/21/2015,369841706,9/9/2015,3234,9.33,6.92,30173.22,22379.28,7793.94
Central America and the Caribbean,Honduras,Cosmetics,Offline,M,6/22/2013,377319705,7/12/2013,6140,437.2,263.33,2684408,1616846.2,1067561.8
Middle East and North Africa,Iran,Personal Care,Offline,C,8/25/2013,239297521,9/25/2013,2309,81.73,56.67,188714.57,130851.03,57863.54
Asia,Maldives,Cereal,Online,M,11/21/2010,487073981,12/28/2010,4870,205.7,117.11,1001759,570325.7,431433.3
Sub-Saharan Africa,Tanzania,Clothes,Online,H,2/17/2016,372260415,3/27/2016,8984,109.28,35.84,981771.52,321986.56,659784.96
Central America and the Caribbean,Belize,Baby Food,Online,H,11/10/2014,116780650,12/5/2014,6844,255.28,159.42,1747136.32,1091070.48,656065.84
Australia and Oceania,Federated States of Micronesia,Beverages,Offline,H,5/11/2016,462871015,6/26/2016,2674,47.45,31.79,126881.3,85006.46,41874.84
Middle East and North Africa,Yemen,Meat,Online,C,1/15/2012,423080337,2/24/2012,7728,421.89,364.69,3260365.92,2818324.32,442041.6
Central America and the Caribbean,Saint Lucia,Snacks,Online,M,2/4/2017,430269944,2/16/2017,5293,152.58,97.44,807605.94,515749.92,291856.02
Central America and the Caribbean,Grenada,Beverages,Online,M,9/14/2013,987613666,9/17/2013,5685,47.45,31.79,269753.25,180726.15,89027.1
North America,Canada,Vegetables,Online,H,5/28/2015,418597829,6/14/2015,1255,154.06,90.93,193345.3,114117.15,79228.15
Middle East and North Africa,Syria,Cereal,Offline,H,4/18/2010,717021262,6/3/2010,1380,205.7,117.11,283866,161611.8,122254.2
Europe,Luxembourg,Clothes,Offline,C,4/3/2010,796995294,5/20/2010,7473,109.28,35.84,816649.44,267832.32,548817.12
Asia,Tajikistan,Baby Food,Online,M,11/13/2016,542943751,11/26/2016,7976,255.28,159.42,2036113.28,1271533.92,764579.36
Europe,Denmark,Cosmetics,Online,H,1/27/2010,359602963,1/30/2010,3363,437.2,263.33,1470303.6,885578.79,584724.81
Europe,Lithuania,Baby Food,Offline,H,7/6/2012,722021758,7/18/2012,1138,255.28,159.42,290508.64,181419.96,109088.68
Central America and the Caribbean,El Salvador,Personal Care,Online,C,1/15/2010,825561463,3/6/2010,838,81.73,56.67,68489.74,47489.46,21000.28
North America,Greenland,Meat,Online,C,1/27/2016,835895907,2/9/2016,9029,421.89,364.69,3809244.81,3292786.01,516458.8
Sub-Saharan Africa,Gabon,Household,Online,H,10/19/2014,539011418,10/31/2014,4312,668.27,502.54,2881580.24,2166952.48,714627.76
Middle East and North Africa,Iran,Office Supplies,Online,M,6/1/2010,691206824,7/19/2010,2314,651.21,524.96,1506899.94,1214757.44,292142.5
Central America and the Caribbean,Guatemala,Clothes,Offline,M,9/30/2015,769093453,10/30/2015,699,109.28,35.84,76386.72,25052.16,51334.56
Middle East and North Africa,Tunisia ,Household,Online,C,8/8/2010,319595134,8/18/2010,4157,668.27,502.54,2777998.39,2089058.78,688939.61
Middle East and North Africa,Lebanon,Baby Food,Offline,H,9/24/2013,309948194,9/26/2013,9413,255.28,159.42,2402950.64,1500620.46,902330.18
Australia and Oceania,Marshall Islands,Household,Offline,M,11/12/2010,877701461,11/20/2010,222,668.27,502.54,148355.94,111563.88,36792.06
Sub-Saharan Africa,Rwanda,Fruits,Offline,M,7/7/2011,880716264,8/20/2011,2369,9.33,6.92,22102.77,16393.48,5709.29
Sub-Saharan Africa,Botswana,Household,Online,L,11/24/2014,147166430,12/6/2014,8672,668.27,502.54,5795237.44,4358026.88,1437210.56
Asia,Mongolia,Vegetables,Online,H,9/24/2013,825538289,10/25/2013,3980,154.06,90.93,613158.8,361901.4,251257.4
Asia,Tajikistan,Snacks,Online,H,2/23/2013,634630668,2/26/2013,172,152.58,97.44,26243.76,16759.68,9484.08
Sub-Saharan Africa,Democratic Republic of the Congo,Meat,Online,C,10/12/2011,513554894,10/12/2011,1160,421.89,364.69,489392.4,423040.4,66352
Middle East and North Africa,Libya,Snacks,Online,H,2/5/2013,571734797,3/5/2013,7887,152.58,97.44,1203398.46,768509.28,434889.18
Sub-Saharan Africa,Mali,Beverages,Online,M,1/31/2014,538906705,2/5/2014,3325,47.45,31.79,157771.25,105701.75,52069.5
Asia,Taiwan,Cosmetics,Offline,L,7/22/2016,215119445,9/1/2016,7479,437.2,263.33,3269818.8,1969445.07,1300373.73
Central America and the Caribbean,Saint Kitts and Nevis ,Personal Care,Offline,H,10/31/2015,820734345,11/7/2015,2386,81.73,56.67,195007.78,135214.62,59793.16
Middle East and North Africa,Yemen,Fruits,Offline,M,1/28/2012,946425235,2/10/2012,7113,9.33,6.92,66364.29,49221.96,17142.33
Sub-Saharan Africa,Guinea-Bissau,Cereal,Online,L,2/1/2014,603178441,3/7/2014,2760,205.7,117.11,567732,323223.6,244508.4
Europe,Denmark,Baby Food,Online,C,10/23/2012,772292792,11/20/2012,7454,255.28,159.42,1902857.12,1188316.68,714540.44
Asia,Bhutan,Clothes,Online,C,5/23/2015,255379617,6/14/2015,1359,109.28,35.84,148511.52,48706.56,99804.96
Middle East and North Africa,Syria,Fruits,Offline,H,2/9/2011,624362742,3/9/2011,1665,9.33,6.92,15534.45,11521.8,4012.65
Europe,Latvia,Beverages,Offline,C,1/10/2013,371478497,2/3/2013,7597,47.45,31.79,360477.65,241508.63,118969.02
Middle East and North Africa,Iraq,Office Supplies,Online,L,5/5/2016,759275710,5/27/2016,5410,651.21,524.96,3523046.1,2840033.6,683012.5
Middle East and North Africa,Saudi Arabia,Fruits,Online,M,4/26/2017,870615708,4/28/2017,3390,9.33,6.92,31628.7,23458.8,8169.9
Central America and the Caribbean,Barbados,Beverages,Offline,C,1/24/2017,758672320,2/23/2017,6854,47.45,31.79,325222.3,217888.66,107333.64
Asia,Malaysia,Household,Online,M,3/12/2010,996931874,4/15/2010,3150,668.27,502.54,2105050.5,1583001,522049.5
Asia,Laos,Clothes,Online,M,4/19/2011,429193198,5/21/2011,6660,109.28,35.84,727804.8,238694.4,489110.4
Sub-Saharan Africa,Democratic Republic of the Congo,Vegetables,Online,M,5/1/2013,219567620,5/7/2013,3793,154.06,90.93,584349.58,344897.49,239452.09
Central America and the Caribbean,Haiti,Personal Care,Offline,M,2/4/2014,702478969,3/1/2014,7992,81.73,56.67,653186.16,452906.64,200279.52
Middle East and North Africa,Oman,Meat,Online,H,6/13/2012,932663571,7/4/2012,4731,421.89,364.69,1995961.59,1725348.39,270613.2
Europe,Kosovo,Cereal,Offline,C,2/11/2012,935170257,2/26/2012,6515,205.7,117.11,1340135.5,762971.65,577163.85
Sub-Saharan Africa,South Africa,Cosmetics,Offline,H,4/18/2010,355360352,5/30/2010,7880,437.2,263.33,3445136,2075040.4,1370095.6
Sub-Saharan Africa,Mauritania,Meat,Offline,L,8/16/2016,708907687,9/7/2016,393,421.89,364.69,165802.77,143323.17,22479.6
Middle East and North Africa,Saudi Arabia,Clothes,Online,C,7/6/2011,431798589,8/19/2011,7653,109.28,35.84,836319.84,274283.52,562036.32
Central America and the Caribbean,Barbados,Clothes,Offline,M,7/3/2010,730331885,8/1/2010,289,109.28,35.84,31581.92,10357.76,21224.16
Asia,Singapore,Beverages,Online,C,1/25/2015,631118905,2/10/2015,964,47.45,31.79,45741.8,30645.56,15096.24
Central America and the Caribbean,The Bahamas,Clothes,Offline,C,5/17/2016,131083476,6/16/2016,9368,109.28,35.84,1023735.04,335749.12,687985.92
Europe,Vatican City,Personal Care,Offline,H,3/31/2014,647461926,4/9/2014,7227,81.73,56.67,590662.71,409554.09,181108.62
Australia and Oceania,Tonga,Beverages,Online,L,5/1/2013,967803084,6/2/2013,3294,47.45,31.79,156300.3,104716.26,51584.04
Sub-Saharan Africa,Mauritania,Snacks,Offline,H,10/18/2011,399968278,11/25/2011,8356,152.58,97.44,1274958.48,814208.64,460749.84
Middle East and North Africa,Yemen,Household,Offline,C,8/22/2012,122131335,8/26/2012,231,668.27,502.54,154370.37,116086.74,38283.63
Europe,Sweden,Fruits,Offline,L,5/13/2012,932778584,6/8/2012,8766,9.33,6.92,81786.78,60660.72,21126.06
Asia,Maldives,Snacks,Offline,C,4/26/2012,100708854,5/27/2012,843,152.58,97.44,128624.94,82141.92,46483.02
Europe,Lithuania,Fruits,Offline,H,12/1/2014,815033471,12/14/2014,5371,9.33,6.92,50111.43,37167.32,12944.11
Europe,Estonia,Vegetables,Offline,H,4/11/2012,935176265,4/16/2012,8293,154.06,90.93,1277619.58,754082.49,523537.09
Central America and the Caribbean,Costa Rica,Beverages,Online,M,9/25/2012,640873563,9/26/2012,7584,47.45,31.79,359860.8,241095.36,118765.44
Middle East and North Africa,Qatar,Clothes,Offline,C,4/28/2014,182174193,6/2/2014,8247,109.28,35.84,901232.16,295572.48,605659.68
Europe,Belgium,Fruits,Offline,H,2/23/2016,329439485,2/25/2016,7319,9.33,6.92,68286.27,50647.48,17638.79
Middle East and North Africa,Iran,Cosmetics,Offline,H,7/31/2014,123343265,9/8/2014,8868,437.2,263.33,3877089.6,2335210.44,1541879.16
Asia,Uzbekistan,Snacks,Offline,L,8/24/2014,924871861,10/6/2014,8991,152.58,97.44,1371846.78,876083.04,495763.74
Sub-Saharan Africa,Senegal,Clothes,Online,H,1/24/2011,565324103,1/24/2011,820,109.28,35.84,89609.6,29388.8,60220.8
Sub-Saharan Africa,Swaziland,Cereal,Online,C,10/9/2014,996311318,10/20/2014,9514,205.7,117.11,1957029.8,1114184.54,842845.26
Middle East and North Africa,Jordan,Fruits,Online,H,4/6/2011,639757335,4/20/2011,7267,9.33,6.92,67801.11,50287.64,17513.47
Central America and the Caribbean,Grenada,Cosmetics,Offline,H,5/21/2017,237898480,5/30/2017,8302,437.2,263.33,3629634.4,2186165.66,1443468.74
Europe,Germany,Cosmetics,Online,H,12/23/2016,603283584,1/29/2017,3874,437.2,263.33,1693712.8,1020140.42,673572.38
Central America and the Caribbean,Dominica,Baby Food,Offline,L,2/2/2010,368773972,3/24/2010,7268,255.28,159.42,1855375.04,1158664.56,696710.48
Sub-Saharan Africa,Liberia,Snacks,Online,H,10/5/2016,937543475,11/12/2016,8803,152.58,97.44,1343161.74,857764.32,485397.42
Europe,Ireland,Fruits,Offline,C,9/2/2012,633078420,9/9/2012,828,9.33,6.92,7725.24,5729.76,1995.48
Middle East and North Africa,Algeria,Cosmetics,Online,M,3/17/2016,549177634,3/17/2016,2721,437.2,263.33,1189621.2,716520.93,473100.27
Sub-Saharan Africa,Liberia,Fruits,Online,M,7/12/2016,499952447,8/4/2016,5894,9.33,6.92,54991.02,40786.48,14204.54
Europe,Iceland,Cereal,Online,H,3/23/2015,369826686,4/11/2015,8790,205.7,117.11,1808103,1029396.9,778706.1
Sub-Saharan Africa,South Africa,Cosmetics,Offline,M,12/11/2014,563536679,1/26/2015,1881,437.2,263.33,822373.2,495323.73,327049.47
Central America and the Caribbean,Panama,Baby Food,Offline,L,8/14/2015,656131255,10/3/2015,2674,255.28,159.42,682618.72,426289.08,256329.64
Sub-Saharan Africa,Zimbabwe,Beverages,Online,C,8/31/2010,742971742,10/10/2010,704,47.45,31.79,33404.8,22380.16,11024.64
Europe,Germany,Fruits,Offline,M,7/5/2013,989731967,7/19/2013,2538,9.33,6.92,23679.54,17562.96,6116.58
Europe,Serbia,Cosmetics,Offline,H,11/30/2015,282398259,1/1/2016,6775,437.2,263.33,2962030,1784060.75,1177969.25
Middle East and North Africa,Morocco,Beverages,Offline,H,6/30/2014,277269446,8/12/2014,9046,47.45,31.79,429232.7,287572.34,141660.36
Europe,Greece,Vegetables,Offline,M,7/5/2014,450956857,7/14/2014,7010,154.06,90.93,1079960.6,637419.3,442541.3
Asia,Uzbekistan,Household,Online,L,11/29/2010,350384318,12/31/2010,5361,668.27,502.54,3582595.47,2694116.94,888478.53
Central America and the Caribbean,Jamaica,Personal Care,Offline,L,11/16/2014,942788159,12/9/2014,822,81.73,56.67,67182.06,46582.74,20599.32
Europe,Belgium,Cereal,Online,L,2/18/2012,565717208,3/26/2012,7148,205.7,117.11,1470343.6,837102.28,633241.32
North America,United States of America,Clothes,Online,H,3/13/2012,777032792,4/20/2012,125,109.28,35.84,13660,4480,9180
Asia,Thailand,Office Supplies,Offline,H,4/15/2014,504908740,5/14/2014,2571,651.21,524.96,1674260.91,1349672.16,324588.75
Sub-Saharan Africa,Cape Verde,Meat,Offline,M,2/12/2011,997831380,3/12/2011,9334,421.89,364.69,3937921.26,3404016.46,533904.8
Europe,Belarus,Household,Offline,H,5/24/2015,874599540,7/4/2015,2294,668.27,502.54,1533011.38,1152826.76,380184.62
Sub-Saharan Africa,Sierra Leone,Fruits,Offline,C,8/7/2010,174324548,9/10/2010,5362,9.33,6.92,50027.46,37105.04,12922.42
Sub-Saharan Africa,Djibouti,Clothes,Online,C,5/12/2015,806430232,5/27/2015,9481,109.28,35.84,1036083.68,339799.04,696284.64
Asia,Sri Lanka,Cosmetics,Online,C,7/3/2011,700652921,7/7/2011,7624,437.2,263.33,3333212.8,2007627.92,1325584.88
Central America and the Caribbean,Guatemala,Baby Food,Online,H,12/29/2015,557041442,1/8/2016,9796,255.28,159.42,2500722.88,1561678.32,939044.56
Sub-Saharan Africa,Cote d'Ivoire,Cosmetics,Online,L,7/29/2016,695957124,8/2/2016,8033,437.2,263.33,3512027.6,2115329.89,1396697.71
Europe,Georgia,Snacks,Online,L,6/1/2013,608073794,7/18/2013,1403,152.58,97.44,214069.74,136708.32,77361.42
Middle East and North Africa,Yemen,Beverages,Offline,C,4/27/2015,304377782,5/6/2015,1004,47.45,31.79,47639.8,31917.16,15722.64
Central America and the Caribbean,Saint Kitts and Nevis ,Fruits,Online,H,3/22/2013,766167914,3/27/2013,4967,9.33,6.92,46342.11,34371.64,11970.47
North America,Greenland,Household,Online,M,4/10/2014,795055520,4/18/2014,3451,668.27,502.54,2306199.77,1734265.54,571934.23
Europe,Liechtenstein,Baby Food,Offline,L,4/28/2015,162964427,5/30/2015,3650,255.28,159.42,931772,581883,349889
Central America and the Caribbean,Cuba,Clothes,Online,L,4/16/2014,962130963,4/17/2014,4788,109.28,35.84,523232.64,171601.92,351630.72
Sub-Saharan Africa,Mali,Household,Online,L,12/11/2013,855103957,1/13/2014,3118,668.27,502.54,2083665.86,1566919.72,516746.14
Sub-Saharan Africa,Central African Republic,Baby Food,Offline,M,7/20/2010,724744737,7/23/2010,6928,255.28,159.42,1768579.84,1104461.76,664118.08
Europe,Armenia,Office Supplies,Offline,H,10/15/2012,624227130,11/13/2012,1534,651.21,524.96,998956.14,805288.64,193667.5
Europe,Norway,Cereal,Online,C,4/9/2015,227037465,5/18/2015,4286,205.7,117.11,881630.2,501933.46,379696.74
Europe,Sweden,Office Supplies,Online,H,6/13/2017,176974570,6/13/2017,9563,651.21,524.96,6227521.23,5020192.48,1207328.75
Central America and the Caribbean,Nicaragua,Office Supplies,Offline,L,4/9/2012,738149774,5/26/2012,3776,651.21,524.96,2458968.96,1982248.96,476720
Europe,Liechtenstein,Vegetables,Offline,C,9/7/2012,444986903,10/22/2012,368,154.06,90.93,56694.08,33462.24,23231.84
Europe,Austria,Cereal,Offline,C,7/22/2017,152222287,8/19/2017,4812,205.7,117.11,989828.4,563533.32,426295.08
Middle East and North Africa,Afghanistan,Clothes,Online,H,6/15/2015,784904754,7/2/2015,9614,109.28,35.84,1050617.92,344565.76,706052.16
Sub-Saharan Africa,Cote d'Ivoire,Baby Food,Online,C,2/27/2011,188395631,4/14/2011,9309,255.28,159.42,2376401.52,1484040.78,892360.74
Middle East and North Africa,Bahrain,Beverages,Online,C,4/20/2014,778368747,5/28/2014,5464,47.45,31.79,259266.8,173700.56,85566.24
Europe,Slovenia,Beverages,Offline,L,11/11/2012,990810430,12/8/2012,1679,47.45,31.79,79668.55,53375.41,26293.14
Asia,Uzbekistan,Snacks,Online,L,10/27/2014,232019507,12/5/2014,8583,152.58,97.44,1309594.14,836327.52,473266.62
Europe,Latvia,Cereal,Online,L,1/24/2014,228607308,2/2/2014,8838,205.7,117.11,1817976.6,1035018.18,782958.42
Australia and Oceania,Solomon Islands,Vegetables,Offline,M,12/2/2016,977497661,12/17/2016,2135,154.06,90.93,328918.1,194135.55,134782.55
Europe,San Marino,Snacks,Online,H,8/17/2015,295926892,10/1/2015,198,152.58,97.44,30210.84,19293.12,10917.72
Sub-Saharan Africa,South Sudan,Baby Food,Online,M,11/3/2014,571443831,11/27/2014,1783,255.28,159.42,455164.24,284245.86,170918.38
Asia,Kazakhstan,Beverages,Offline,M,9/19/2012,211909806,11/4/2012,7676,47.45,31.79,364226.2,244020.04,120206.16
Middle East and North Africa,Tunisia ,Beverages,Offline,H,4/8/2012,395498645,5/14/2012,5693,47.45,31.79,270132.85,180980.47,89152.38
Central America and the Caribbean,Saint Vincent and the Grenadines,Baby Food,Online,M,7/24/2017,120696675,8/31/2017,5683,255.28,159.42,1450756.24,905983.86,544772.38
Sub-Saharan Africa,Kenya,Vegetables,Online,M,10/20/2014,256302726,11/21/2014,4527,154.06,90.93,697429.62,411640.11,285789.51
Asia,Mongolia,Personal Care,Offline,L,12/22/2013,391428124,1/1/2014,1135,81.73,56.67,92763.55,64320.45,28443.1
Europe,Kosovo,Snacks,Online,M,10/10/2014,185496699,10/16/2014,1450,152.58,97.44,221241,141288,79953
Europe,Lithuania,Clothes,Offline,L,5/22/2010,718244779,6/6/2010,3446,109.28,35.84,376578.88,123504.64,253074.24
Middle East and North Africa,Tunisia ,Cosmetics,Offline,H,12/29/2013,439721190,1/16/2014,2127,437.2,263.33,929924.4,560102.91,369821.49
Sub-Saharan Africa,Zimbabwe,Office Supplies,Online,H,2/15/2017,120287263,3/1/2017,4529,651.21,524.96,2949330.09,2377543.84,571786.25
Sub-Saharan Africa,Madagascar,Vegetables,Online,H,2/28/2016,600616824,4/4/2016,4720,154.06,90.93,727163.2,429189.6,297973.6
Middle East and North Africa,Bahrain,Fruits,Offline,L,2/11/2016,541696202,3/16/2016,8799,9.33,6.92,82094.67,60889.08,21205.59
Sub-Saharan Africa,Cape Verde,Personal Care,Offline,H,9/18/2011,474824225,10/31/2011,9895,81.73,56.67,808718.35,560749.65,247968.7
Australia and Oceania,Federated States of Micronesia,Personal Care,Online,H,11/21/2013,551612222,12/3/2013,3169,81.73,56.67,259002.37,179587.23,79415.14
Sub-Saharan Africa,South Sudan,Household,Online,M,9/17/2015,993984019,10/19/2015,815,668.27,502.54,544640.05,409570.1,135069.95
Europe,Cyprus,Household,Online,M,4/24/2011,744175946,4/25/2011,7055,668.27,502.54,4714644.85,3545419.7,1169225.15
Europe,Ukraine,Baby Food,Offline,L,10/25/2014,614736831,11/5/2014,3144,255.28,159.42,802600.32,501216.48,301383.84
Central America and the Caribbean,Dominica,Vegetables,Offline,M,2/17/2011,138528001,3/3/2011,2369,154.06,90.93,364968.14,215413.17,149554.97
Asia,Japan,Beverages,Online,H,9/20/2012,718723285,9/21/2012,5046,47.45,31.79,239432.7,160412.34,79020.36
Europe,Austria,Fruits,Online,H,6/1/2010,678809010,6/28/2010,3526,9.33,6.92,32897.58,24399.92,8497.66
Asia,Thailand,Office Supplies,Offline,C,1/8/2015,212584006,2/10/2015,7186,651.21,524.96,4679595.06,3772362.56,907232.5
Middle East and North Africa,Saudi Arabia,Beverages,Online,H,9/15/2015,934159600,10/12/2015,7440,47.45,31.79,353028,236517.6,116510.4
Sub-Saharan Africa,Cape Verde,Vegetables,Online,M,1/20/2014,927959620,1/22/2014,2728,154.06,90.93,420275.68,248057.04,172218.64
Europe,Russia,Vegetables,Online,C,9/18/2012,598720395,10/4/2012,3525,154.06,90.93,543061.5,320528.25,222533.25
Australia and Oceania,Australia,Fruits,Online,L,8/15/2011,421490752,8/30/2011,7335,9.33,6.92,68435.55,50758.2,17677.35
Europe,Belgium,Office Supplies,Offline,M,10/7/2011,491632020,10/15/2011,3695,651.21,524.96,2406220.95,1939727.2,466493.75
Middle East and North Africa,Somalia,Fruits,Offline,H,6/4/2011,974818027,7/17/2011,9172,9.33,6.92,85574.76,63470.24,22104.52
Europe,Albania,Beverages,Offline,L,7/2/2017,757035100,7/31/2017,2364,47.45,31.79,112171.8,75151.56,37020.24
Europe,Cyprus,Personal Care,Offline,C,6/23/2011,594582068,7/9/2011,8902,81.73,56.67,727560.46,504476.34,223084.12
Middle East and North Africa,Jordan,Cosmetics,Online,C,9/28/2013,864070260,10/15/2013,6446,437.2,263.33,2818191.2,1697425.18,1120766.02
Asia,Myanmar,Snacks,Offline,L,9/10/2011,212423503,10/11/2011,9690,152.58,97.44,1478500.2,944193.6,534306.6
Asia,Singapore,Vegetables,Online,H,6/29/2016,506878125,7/22/2016,5356,154.06,90.93,825145.36,487021.08,338124.28
Sub-Saharan Africa,Democratic Republic of the Congo,Household,Offline,C,11/16/2013,984982955,12/30/2013,7200,668.27,502.54,4811544,3618288,1193256
Europe,Croatia,Office Supplies,Online,H,5/10/2013,504599320,5/19/2013,1007,651.21,524.96,655768.47,528634.72,127133.75
Central America and the Caribbean,Saint Lucia,Fruits,Online,C,2/25/2014,693901050,3/21/2014,9595,9.33,6.92,89521.35,66397.4,23123.95
Europe,Hungary,Snacks,Offline,C,7/20/2016,101374471,7/24/2016,7813,152.58,97.44,1192107.54,761298.72,430808.82
North America,Canada,Clothes,Online,L,7/16/2010,945818412,7/21/2010,7541,109.28,35.84,824080.48,270269.44,553811.04
Asia,Malaysia,Fruits,Offline,C,6/20/2017,566344201,8/4/2017,2689,9.33,6.92,25088.37,18607.88,6480.49
Europe,Croatia,Snacks,Online,L,7/10/2010,872375667,8/10/2010,4201,152.58,97.44,640988.58,409345.44,231643.14
Europe,Russia,Household,Online,L,12/18/2016,693649137,1/19/2017,5049,668.27,502.54,3374095.23,2537324.46,836770.77
Middle East and North Africa,Azerbaijan,Baby Food,Online,C,11/26/2015,730213439,12/4/2015,5238,255.28,159.42,1337156.64,835041.96,502114.68
Sub-Saharan Africa,South Africa,Baby Food,Offline,H,3/22/2010,402429902,4/21/2010,6806,255.28,159.42,1737435.68,1085012.52,652423.16
Europe,Sweden,Household,Offline,M,3/27/2015,100972354,4/3/2015,8818,668.27,502.54,5892804.86,4431397.72,1461407.14
Sub-Saharan Africa,Mozambique,Beverages,Offline,L,1/9/2017,736827123,1/23/2017,2374,47.45,31.79,112646.3,75469.46,37176.84
Asia,Brunei,Clothes,Offline,C,2/8/2014,591293036,2/19/2014,5604,109.28,35.84,612405.12,200847.36,411557.76
Asia,Thailand,Snacks,Offline,H,8/17/2013,265981423,9/9/2013,8669,152.58,97.44,1322716.02,844707.36,478008.66
Central America and the Caribbean,Honduras,Baby Food,Offline,L,6/7/2012,432816112,6/20/2012,8760,255.28,159.42,2236252.8,1396519.2,839733.6
Sub-Saharan Africa,Namibia,Snacks,Offline,L,1/10/2016,484033429,1/18/2016,5103,152.58,97.44,778615.74,497236.32,281379.42
Europe,Slovenia,Cereal,Online,L,1/8/2012,782182204,1/30/2012,3951,205.7,117.11,812720.7,462701.61,350019.09
Middle East and North Africa,Saudi Arabia,Baby Food,Offline,L,10/29/2011,410123765,11/30/2011,3591,255.28,159.42,916710.48,572477.22,344233.26
Asia,Laos,Cosmetics,Offline,L,7/23/2016,321031939,7/28/2016,9340,437.2,263.33,4083448,2459502.2,1623945.8
Sub-Saharan Africa,Swaziland,Clothes,Online,C,4/1/2013,188393056,4/22/2013,8547,109.28,35.84,934016.16,306324.48,627691.68
Asia,Bhutan,Fruits,Offline,M,7/1/2016,656005942,8/18/2016,5591,9.33,6.92,52164.03,38689.72,13474.31
Central America and the Caribbean,Grenada,Household,Online,H,9/8/2011,187981927,9/22/2011,6884,668.27,502.54,4600370.68,3459485.36,1140885.32
Middle East and North Africa,Tunisia ,Fruits,Online,L,10/2/2011,918744838,11/13/2011,5869,9.33,6.92,54757.77,40613.48,14144.29
Europe,Macedonia,Snacks,Offline,H,7/26/2015,103031003,8/7/2015,8018,152.58,97.44,1223386.44,781273.92,442112.52
Australia and Oceania,Palau,Meat,Offline,C,9/11/2011,465889251,10/28/2011,5837,421.89,364.69,2462571.93,2128695.53,333876.4
Central America and the Caribbean,Saint Kitts and Nevis ,Cereal,Offline,C,6/29/2012,752680909,7/27/2012,3862,205.7,117.11,794413.4,452278.82,342134.58
Central America and the Caribbean,Cuba,Meat,Online,M,6/13/2012,679079806,7/14/2012,3660,421.89,364.69,1544117.4,1334765.4,209352
Sub-Saharan Africa,Mauritius ,Fruits,Offline,L,9/8/2014,481072270,10/17/2014,8830,9.33,6.92,82383.9,61103.6,21280.3
Sub-Saharan Africa,Guinea,Cereal,Offline,H,1/14/2012,464957129,2/9/2012,2,205.7,117.11,411.4,234.22,177.18
Sub-Saharan Africa,Gabon,Meat,Online,L,7/16/2013,557345712,8/16/2013,9836,421.89,364.69,4149710.04,3587090.84,562619.2
Europe,Portugal,Cosmetics,Online,C,5/14/2010,755161845,6/12/2010,8026,437.2,263.33,3508967.2,2113486.58,1395480.62
Europe,Slovenia,Cosmetics,Offline,L,6/24/2017,675641858,7/1/2017,6295,437.2,263.33,2752174,1657662.35,1094511.65
Sub-Saharan Africa,Namibia,Cosmetics,Offline,M,10/26/2016,906334578,12/11/2016,3397,437.2,263.33,1485168.4,894532.01,590636.39
Europe,Finland,Cosmetics,Offline,H,2/10/2014,755101335,3/13/2014,120,437.2,263.33,52464,31599.6,20864.4
Europe,Belgium,Office Supplies,Online,L,5/14/2012,500115954,6/28/2012,4279,651.21,524.96,2786527.59,2246303.84,540223.75
Sub-Saharan Africa,Senegal,Baby Food,Online,L,8/29/2015,939864766,9/26/2015,5725,255.28,159.42,1461478,912679.5,548798.5
North America,United States of America,Baby Food,Online,M,3/8/2010,243146598,3/18/2010,1336,255.28,159.42,341054.08,212985.12,128068.96
Sub-Saharan Africa,Mozambique,Cosmetics,Online,M,7/4/2013,699072778,8/9/2013,25,437.2,263.33,10930,6583.25,4346.75
Europe,Sweden,Personal Care,Online,C,3/4/2010,167067134,4/10/2010,7732,81.73,56.67,631936.36,438172.44,193763.92
Europe,Bosnia and Herzegovina,Snacks,Offline,H,2/2/2016,626865994,2/8/2016,2433,152.58,97.44,371227.14,237071.52,134155.62
Europe,Estonia,Clothes,Offline,M,2/21/2014,528518187,3/23/2014,9131,109.28,35.84,997835.68,327255.04,670580.64
Central America and the Caribbean,El Salvador,Snacks,Online,L,1/3/2011,642385041,1/6/2011,4864,152.58,97.44,742149.12,473948.16,268200.96
Europe,San Marino,Clothes,Offline,M,8/22/2010,909140384,9/2/2010,3698,109.28,35.84,404117.44,132536.32,271581.12
Middle East and North Africa,Tunisia ,Snacks,Offline,C,6/26/2010,889770543,6/28/2010,1731,152.58,97.44,264115.98,168668.64,95447.34
Central America and the Caribbean,El Salvador,Household,Offline,L,10/31/2012,215574347,11/12/2012,2095,668.27,502.54,1400025.65,1052821.3,347204.35
Asia,Laos,Vegetables,Online,L,6/24/2013,838163125,8/4/2013,9949,154.06,90.93,1532742.94,904662.57,628080.37
Central America and the Caribbean,Jamaica,Fruits,Online,C,1/23/2013,279460704,2/19/2013,7487,9.33,6.92,69853.71,51810.04,18043.67
Asia,Philippines,Vegetables,Online,H,4/13/2013,181703412,5/5/2013,8932,154.06,90.93,1376063.92,812186.76,563877.16
Sub-Saharan Africa,Djibouti,Baby Food,Offline,L,2/15/2013,457440078,3/1/2013,5539,255.28,159.42,1413995.92,883027.38,530968.54
Central America and the Caribbean,Saint Lucia,Beverages,Online,M,8/22/2012,639532029,8/29/2012,594,47.45,31.79,28185.3,18883.26,9302.04
Europe,Georgia,Cosmetics,Online,M,9/23/2016,331153094,11/5/2016,4414,437.2,263.33,1929800.8,1162338.62,767462.18
Middle East and North Africa,United Arab Emirates,Personal Care,Offline,L,3/15/2016,555789601,4/8/2016,9349,81.73,56.67,764093.77,529807.83,234285.94
Middle East and North Africa,Azerbaijan,Beverages,Online,L,4/23/2014,607240378,6/6/2014,4777,47.45,31.79,226668.65,151860.83,74807.82
Sub-Saharan Africa,Equatorial Guinea,Clothes,Offline,H,5/10/2015,299616754,5/19/2015,2110,109.28,35.84,230580.8,75622.4,154958.4
Asia,Malaysia,Snacks,Offline,C,5/10/2013,417342555,5/24/2013,9791,152.58,97.44,1493910.78,954035.04,539875.74
Asia,Turkmenistan,Household,Online,L,12/17/2010,465154111,1/1/2011,8293,668.27,502.54,5541963.11,4167564.22,1374398.89
Europe,Albania,Household,Offline,C,9/2/2015,918100249,9/11/2015,5121,668.27,502.54,3422210.67,2573507.34,848703.33
Sub-Saharan Africa,Ethiopia,Cereal,Offline,C,5/3/2013,971542298,5/8/2013,9811,205.7,117.11,2018122.7,1148966.21,869156.49
Middle East and North Africa,Israel,Meat,Offline,M,5/19/2017,791154086,5/19/2017,8930,421.89,364.69,3767477.7,3256681.7,510796
Asia,Thailand,Snacks,Offline,H,12/28/2011,162921941,1/1/2012,1078,152.58,97.44,164481.24,105040.32,59440.92
Europe,Slovakia,Office Supplies,Online,H,7/2/2016,743144690,7/20/2016,1883,651.21,524.96,1226228.43,988499.68,237728.75
Asia,Maldives,Cosmetics,Online,L,6/14/2013,208433663,6/16/2013,9008,437.2,263.33,3938297.6,2372076.64,1566220.96
Asia,Philippines,Fruits,Offline,H,12/11/2012,805712687,12/19/2012,7144,9.33,6.92,66653.52,49436.48,17217.04
Central America and the Caribbean,Saint Vincent and the Grenadines,Vegetables,Online,H,1/4/2011,802218091,2/23/2011,3015,154.06,90.93,464490.9,274153.95,190336.95
Middle East and North Africa,Libya,Meat,Online,L,2/3/2016,335498702,3/3/2016,376,421.89,364.69,158630.64,137123.44,21507.2
Asia,Vietnam,Cosmetics,Offline,L,12/27/2014,963415849,1/6/2015,5014,437.2,263.33,2192120.8,1320336.62,871784.18
Middle East and North Africa,Pakistan,Vegetables,Offline,C,6/28/2014,714143359,8/15/2014,9745,154.06,90.93,1501314.7,886112.85,615201.85
Asia,Singapore,Office Supplies,Online,C,11/19/2014,836167562,11/27/2014,9418,651.21,524.96,6133095.78,4944073.28,1189022.5
Sub-Saharan Africa,Niger,Baby Food,Offline,H,9/24/2013,848287284,11/11/2013,5913,255.28,159.42,1509470.64,942650.46,566820.18
Europe,Finland,Office Supplies,Online,M,3/27/2017,789613854,4/30/2017,3141,651.21,524.96,2045450.61,1648899.36,396551.25
Australia and Oceania,New Zealand,Cereal,Online,H,9/23/2013,769571101,10/17/2013,2045,205.7,117.11,420656.5,239489.95,181166.55
Sub-Saharan Africa,Togo,Fruits,Online,C,4/30/2015,517895352,6/7/2015,5598,9.33,6.92,52229.34,38738.16,13491.18
Sub-Saharan Africa,Guinea-Bissau,Fruits,Offline,C,4/13/2016,734635436,5/17/2016,3806,9.33,6.92,35509.98,26337.52,9172.46
Asia,Mongolia,Beverages,Offline,H,11/30/2011,840152680,1/3/2012,8703,47.45,31.79,412957.35,276668.37,136288.98
Sub-Saharan Africa,Republic of the Congo,Household,Offline,M,7/10/2017,325120913,8/26/2017,9358,668.27,502.54,6253670.66,4702769.32,1550901.34
Europe,Netherlands,Cereal,Offline,L,8/19/2011,100526463,10/5/2011,6869,205.7,117.11,1412953.3,804428.59,608524.71
Europe,Netherlands,Vegetables,Offline,C,6/20/2015,247668159,8/4/2015,9367,154.06,90.93,1443080.02,851741.31,591338.71
Sub-Saharan Africa,Kenya,Cereal,Offline,M,6/15/2013,468157327,7/1/2013,7011,205.7,117.11,1442162.7,821058.21,621104.49
Sub-Saharan Africa,Tanzania,Cosmetics,Offline,C,1/8/2010,533917796,1/31/2010,6996,437.2,263.33,3058651.2,1842256.68,1216394.52
Asia,Uzbekistan,Cosmetics,Offline,C,8/29/2010,737185895,10/11/2010,8543,437.2,263.33,3734999.6,2249628.19,1485371.41
Middle East and North Africa,Somalia,Household,Online,H,7/26/2010,540510451,9/3/2010,7909,668.27,502.54,5285347.43,3974588.86,1310758.57
Sub-Saharan Africa,Namibia,Cereal,Online,M,7/30/2013,826752793,9/8/2013,3379,205.7,117.11,695060.3,395714.69,299345.61
Sub-Saharan Africa,Zambia,Baby Food,Online,L,3/24/2013,749086749,4/4/2013,270,255.28,159.42,68925.6,43043.4,25882.2
Europe,Kosovo,Personal Care,Online,C,9/14/2011,880998647,10/17/2011,5932,81.73,56.67,484822.36,336166.44,148655.92
Central America and the Caribbean,Costa Rica,Vegetables,Online,C,1/9/2016,966287314,1/31/2016,4744,154.06,90.93,730860.64,431371.92,299488.72
Central America and the Caribbean,Saint Kitts and Nevis ,Cereal,Offline,C,7/28/2011,369064080,8/8/2011,3118,205.7,117.11,641372.6,365148.98,276223.62
Middle East and North Africa,Azerbaijan,Vegetables,Offline,L,4/17/2011,323752772,5/5/2011,4495,154.06,90.93,692499.7,408730.35,283769.35
Central America and the Caribbean,Haiti,Clothes,Offline,L,1/17/2014,785089719,2/11/2014,4349,109.28,35.84,475258.72,155868.16,319390.56
Sub-Saharan Africa,Rwanda,Meat,Offline,L,12/24/2015,878123748,12/28/2015,5186,421.89,364.69,2187921.54,1891282.34,296639.2
Central America and the Caribbean,Honduras,Office Supplies,Offline,M,4/20/2014,248216187,5/29/2014,1541,651.21,524.96,1003514.61,808963.36,194551.25
Asia,South Korea,Fruits,Online,H,1/26/2011,411040866,1/27/2011,4981,9.33,6.92,46472.73,34468.52,12004.21
Middle East and North Africa,Lebanon,Clothes,Online,H,12/25/2016,702584111,1/22/2017,9106,109.28,35.84,995103.68,326359.04,668744.64
Europe,Romania,Meat,Online,C,4/19/2017,529144752,6/1/2017,4546,421.89,364.69,1917911.94,1657880.74,260031.2
Middle East and North Africa,Egypt,Cosmetics,Online,H,6/26/2013,717334115,7/27/2013,3960,437.2,263.33,1731312,1042786.8,688525.2
Asia,Bhutan,Cereal,Online,H,11/10/2011,364076030,12/1/2011,7043,205.7,117.11,1448745.1,824805.73,623939.37
Central America and the Caribbean,Belize,Clothes,Online,H,3/26/2012,886606824,5/15/2012,5516,109.28,35.84,602788.48,197693.44,405095.04
Sub-Saharan Africa,Rwanda,Personal Care,Online,L,9/12/2011,172475326,10/26/2011,8136,81.73,56.67,664955.28,461067.12,203888.16
Sub-Saharan Africa,Chad,Personal Care,Offline,H,12/25/2015,229542863,2/9/2016,5689,81.73,56.67,464961.97,322395.63,142566.34
Europe,Luxembourg,Cereal,Online,H,12/10/2012,435983264,1/11/2013,5991,205.7,117.11,1232348.7,701606.01,530742.69
Asia,Tajikistan,Cosmetics,Offline,H,3/24/2014,690282857,5/9/2014,8892,437.2,263.33,3887582.4,2341530.36,1546052.04
Europe,Ireland,Snacks,Offline,L,8/12/2013,961240470,8/29/2013,1271,152.58,97.44,193929.18,123846.24,70082.94
Central America and the Caribbean,Jamaica,Beverages,Offline,L,7/5/2013,837967431,8/14/2013,2039,47.45,31.79,96750.55,64819.81,31930.74
Sub-Saharan Africa,Burkina Faso,Office Supplies,Offline,C,8/13/2013,879887568,9/27/2013,7139,651.21,524.96,4648988.19,3747689.44,901298.75
Middle East and North Africa,United Arab Emirates,Baby Food,Offline,C,9/8/2014,366737210,10/5/2014,4545,255.28,159.42,1160247.6,724563.9,435683.7
Europe,Serbia,Meat,Online,H,10/5/2014,448565185,10/25/2014,9261,421.89,364.69,3907123.29,3377394.09,529729.2
Europe,Estonia,Office Supplies,Online,H,12/7/2012,995732820,12/28/2012,8324,651.21,524.96,5420672.04,4369767.04,1050905
Middle East and North Africa,Oman,Vegetables,Online,H,3/2/2013,148913943,3/16/2013,5800,154.06,90.93,893548,527394,366154
Europe,Liechtenstein,Household,Online,L,11/24/2012,169094884,1/12/2013,7789,668.27,502.54,5205155.03,3914284.06,1290870.97
Central America and the Caribbean,The Bahamas,Beverages,Offline,H,6/6/2014,687574470,6/16/2014,7420,47.45,31.79,352079,235881.8,116197.2
Middle East and North Africa,Tunisia ,Fruits,Offline,M,7/18/2013,955964028,9/5/2013,9854,9.33,6.92,91937.82,68189.68,23748.14
Europe,Monaco,Baby Food,Online,L,11/19/2010,296187388,11/20/2010,7285,255.28,159.42,1859714.8,1161374.7,698340.1
Australia and Oceania,Marshall Islands,Fruits,Offline,H,9/23/2015,350480878,10/13/2015,3935,9.33,6.92,36713.55,27230.2,9483.35
Asia,Brunei,Cosmetics,Online,L,11/29/2011,131393325,1/13/2012,1060,437.2,263.33,463432,279129.8,184302.2
Sub-Saharan Africa,Guinea-Bissau,Personal Care,Offline,C,8/18/2014,971786057,9/15/2014,1944,81.73,56.67,158883.12,110166.48,48716.64
Sub-Saharan Africa,Djibouti,Household,Offline,C,8/20/2013,674832904,8/31/2013,6907,668.27,502.54,4615740.89,3471043.78,1144697.11
Europe,Belarus,Baby Food,Online,M,11/22/2014,264020192,1/10/2015,8297,255.28,159.42,2118058.16,1322707.74,795350.42
Middle East and North Africa,Turkey,Meat,Online,C,1/26/2014,833146750,2/28/2014,5493,421.89,364.69,2317441.77,2003242.17,314199.6
Europe,Bosnia and Herzegovina,Clothes,Offline,L,6/24/2015,396323907,7/14/2015,9906,109.28,35.84,1082527.68,355031.04,727496.64
Europe,Ukraine,Meat,Offline,L,2/17/2013,637975490,2/20/2013,9979,421.89,364.69,4210040.31,3639241.51,570798.8
Sub-Saharan Africa,Senegal,Cosmetics,Online,C,4/1/2017,162837827,5/14/2017,6186,437.2,263.33,2704519.2,1628959.38,1075559.82
Sub-Saharan Africa,Cameroon,Fruits,Online,M,8/15/2012,345959746,9/15/2012,6032,9.33,6.92,56278.56,41741.44,14537.12
Middle East and North Africa,Turkey,Baby Food,Online,C,5/21/2015,382702577,6/20/2015,9052,255.28,159.42,2310794.56,1443069.84,867724.72
Middle East and North Africa,Kuwait,Snacks,Offline,C,3/28/2016,438740146,5/3/2016,1814,152.58,97.44,276780.12,176756.16,100023.96
Asia,Kazakhstan,Beverages,Offline,H,7/11/2014,300058782,7/19/2014,2916,47.45,31.79,138364.2,92699.64,45664.56
Sub-Saharan Africa,Republic of the Congo,Office Supplies,Offline,L,6/6/2014,722957313,7/25/2014,7989,651.21,524.96,5202516.69,4193905.44,1008611.25
Asia,India,Vegetables,Offline,C,8/20/2013,284047067,9/6/2013,4694,154.06,90.93,723157.64,426825.42,296332.22
Middle East and North Africa,Iran,Snacks,Offline,C,9/4/2014,330251872,9/18/2014,7723,152.58,97.44,1178375.34,752529.12,425846.22
Middle East and North Africa,Turkey,Meat,Offline,L,7/29/2013,928808057,8/3/2013,3799,421.89,364.69,1602760.11,1385457.31,217302.8
Sub-Saharan Africa,Gabon,Office Supplies,Online,L,3/18/2011,417264449,4/29/2011,6678,651.21,524.96,4348780.38,3505682.88,843097.5
Asia,Indonesia,Fruits,Offline,H,2/3/2017,353482377,3/13/2017,2145,9.33,6.92,20012.85,14843.4,5169.45
Sub-Saharan Africa,Sierra Leone,Household,Online,M,4/20/2015,565635669,6/8/2015,3019,668.27,502.54,2017507.13,1517168.26,500338.87
Sub-Saharan Africa,Uganda,Cosmetics,Offline,C,9/9/2013,502210652,10/20/2013,4147,437.2,263.33,1813068.4,1092029.51,721038.89
Middle East and North Africa,Kuwait,Office Supplies,Online,H,5/25/2017,582006156,6/13/2017,7410,651.21,524.96,4825466.1,3889953.6,935512.5
Sub-Saharan Africa,Botswana,Clothes,Online,H,6/23/2017,844133508,6/24/2017,6718,109.28,35.84,734143.04,240773.12,493369.92
Sub-Saharan Africa,Benin,Personal Care,Offline,L,5/29/2017,498016536,7/15/2017,3015,81.73,56.67,246415.95,170860.05,75555.9
Europe,Kosovo,Cereal,Offline,M,3/1/2014,173391568,3/23/2014,9273,205.7,117.11,1907456.1,1085961.03,821495.07
Europe,Poland,Personal Care,Offline,M,2/20/2017,570307433,3/30/2017,5498,81.73,56.67,449351.54,311571.66,137779.88
Europe,Germany,Cereal,Online,L,1/28/2014,209125459,2/12/2014,3725,205.7,117.11,766232.5,436234.75,329997.75
Australia and Oceania,Tuvalu,Snacks,Online,L,9/18/2012,380519473,10/2/2012,3023,152.58,97.44,461249.34,294561.12,166688.22
Asia,Thailand,Meat,Offline,C,4/14/2014,195475804,4/21/2014,4489,421.89,364.69,1893864.21,1637093.41,256770.8
Australia and Oceania,Marshall Islands,Cosmetics,Online,M,4/19/2017,635293281,4/26/2017,6254,437.2,263.33,2734248.8,1646865.82,1087382.98
Europe,Slovenia,Personal Care,Online,L,10/2/2013,501583230,11/8/2013,8479,81.73,56.67,692988.67,480504.93,212483.74
Middle East and North Africa,Saudi Arabia,Personal Care,Offline,M,8/27/2015,466269481,9/7/2015,8356,81.73,56.67,682935.88,473534.52,209401.36
Europe,Switzerland,Personal Care,Offline,L,5/5/2013,821588361,5/10/2013,5108,81.73,56.67,417476.84,289470.36,128006.48
Asia,South Korea,Office Supplies,Offline,H,2/28/2017,130088698,4/3/2017,4992,651.21,524.96,3250840.32,2620600.32,630240
Europe,Serbia,Office Supplies,Offline,M,10/20/2015,174631822,11/14/2015,6292,651.21,524.96,4097413.32,3303048.32,794365
Sub-Saharan Africa,Mauritius ,Cereal,Offline,C,5/16/2010,108391559,6/30/2010,4326,205.7,117.11,889858.2,506617.86,383240.34
Australia and Oceania,New Zealand,Household,Online,M,8/17/2010,504854238,9/8/2010,6443,668.27,502.54,4305663.61,3237865.22,1067798.39
Middle East and North Africa,Lebanon,Meat,Offline,L,1/8/2016,207818686,2/2/2016,7022,421.89,364.69,2962511.58,2560853.18,401658.4
Sub-Saharan Africa,Equatorial Guinea,Clothes,Offline,C,12/7/2011,381396234,1/12/2012,2476,109.28,35.84,270577.28,88739.84,181837.44
Asia,Uzbekistan,Personal Care,Offline,H,4/21/2011,460010707,5/13/2011,6245,81.73,56.67,510403.85,353904.15,156499.7
Sub-Saharan Africa,Sierra Leone,Snacks,Online,M,12/31/2012,398398435,1/16/2013,3805,152.58,97.44,580566.9,370759.2,209807.7
Sub-Saharan Africa,Liberia,Household,Online,C,3/2/2013,221608245,4/12/2013,7659,668.27,502.54,5118279.93,3848953.86,1269326.07
Central America and the Caribbean,Trinidad and Tobago,Snacks,Online,C,8/1/2016,475001466,8/29/2016,2344,152.58,97.44,357647.52,228399.36,129248.16
Central America and the Caribbean,El Salvador,Fruits,Online,M,3/2/2010,874251925,3/3/2010,9427,9.33,6.92,87953.91,65234.84,22719.07
Central America and the Caribbean,Saint Vincent and the Grenadines,Office Supplies,Online,L,3/7/2012,755345952,4/22/2012,2508,651.21,524.96,1633234.68,1316599.68,316635
Middle East and North Africa,Qatar,Cosmetics,Online,H,6/18/2015,424582374,7/24/2015,2214,437.2,263.33,967960.8,583012.62,384948.18
Central America and the Caribbean,Saint Vincent and the Grenadines,Beverages,Offline,C,11/26/2013,708572518,12/5/2013,1209,47.45,31.79,57367.05,38434.11,18932.94
Central America and the Caribbean,Haiti,Fruits,Offline,M,10/27/2013,704240214,12/7/2013,9184,9.33,6.92,85686.72,63553.28,22133.44
Sub-Saharan Africa,Comoros,Meat,Offline,H,1/13/2015,928821790,2/1/2015,7863,421.89,364.69,3317321.07,2867557.47,449763.6
Australia and Oceania,Australia,Cosmetics,Offline,H,8/16/2014,169866073,9/6/2014,6001,437.2,263.33,2623637.2,1580243.33,1043393.87
Asia,Thailand,Cosmetics,Offline,M,10/1/2010,435234391,11/8/2010,4383,437.2,263.33,1916247.6,1154175.39,762072.21
Central America and the Caribbean,Dominica,Baby Food,Offline,M,12/28/2013,203100574,2/14/2014,828,255.28,159.42,211371.84,131999.76,79372.08
Europe,Norway,Meat,Offline,C,4/9/2013,271950948,5/22/2013,5184,421.89,364.69,2187077.76,1890552.96,296524.8
Europe,Albania,Snacks,Offline,M,7/7/2017,610584342,7/9/2017,4330,152.58,97.44,660671.4,421915.2,238756.2
Europe,Slovakia,Snacks,Offline,C,12/27/2013,808112084,1/17/2014,7179,152.58,97.44,1095371.82,699521.76,395850.06
Australia and Oceania,Australia,Meat,Online,H,7/14/2017,523958003,8/13/2017,9671,421.89,364.69,4080098.19,3526916.99,553181.2
Europe,Armenia,Office Supplies,Offline,H,10/5/2013,837858426,10/30/2013,9782,651.21,524.96,6370136.22,5135158.72,1234977.5
Sub-Saharan Africa,Cape Verde,Meat,Online,H,11/7/2015,199862182,12/15/2015,2516,421.89,364.69,1061475.24,917560.04,143915.2
Asia,Vietnam,Cosmetics,Online,H,5/3/2015,280330598,5/20/2015,4908,437.2,263.33,2145777.6,1292423.64,853353.96
Asia,China,Cereal,Offline,H,3/2/2016,119937503,4/17/2016,1027,205.7,117.11,211253.9,120271.97,90981.93
Central America and the Caribbean,Haiti,Household,Online,L,10/15/2015,179669225,11/8/2015,6971,668.27,502.54,4658510.17,3503206.34,1155303.83
Central America and the Caribbean,Dominica,Vegetables,Offline,H,6/30/2016,990824592,8/5/2016,5870,154.06,90.93,904332.2,533759.1,370573.1
Europe,Spain,Vegetables,Online,M,1/30/2014,905014932,3/4/2014,2885,154.06,90.93,444463.1,262333.05,182130.05
Europe,Bosnia and Herzegovina,Beverages,Online,C,10/2/2016,144164073,10/5/2016,208,47.45,31.79,9869.6,6612.32,3257.28
Sub-Saharan Africa,Rwanda,Fruits,Offline,M,1/28/2011,350508344,3/16/2011,2063,9.33,6.92,19247.79,14275.96,4971.83
Europe,Germany,Meat,Online,H,3/3/2011,536596572,3/7/2011,9705,421.89,364.69,4094442.45,3539316.45,555126
Australia and Oceania,New Zealand,Meat,Online,M,2/2/2017,235290086,3/2/2017,6420,421.89,364.69,2708533.8,2341309.8,367224
Middle East and North Africa,Egypt,Vegetables,Offline,L,1/5/2011,849762713,1/14/2011,2525,154.06,90.93,389001.5,229598.25,159403.25
Europe,Italy,Personal Care,Online,L,1/20/2014,703500783,1/22/2014,370,81.73,56.67,30240.1,20967.9,9272.2
Europe,Luxembourg,Vegetables,Offline,H,4/21/2014,890303122,6/10/2014,9333,154.06,90.93,1437841.98,848649.69,589192.29
Australia and Oceania,Fiji,Baby Food,Offline,M,1/28/2016,324281060,2/5/2016,827,255.28,159.42,211116.56,131840.34,79276.22
Asia,Cambodia,Office Supplies,Offline,L,5/19/2013,689858424,6/10/2013,3293,651.21,524.96,2144434.53,1728693.28,415741.25
Central America and the Caribbean,Saint Lucia,Snacks,Online,M,6/10/2016,591771543,7/28/2016,7205,152.58,97.44,1099338.9,702055.2,397283.7
Middle East and North Africa,Bahrain,Baby Food,Offline,M,1/17/2010,505069243,2/17/2010,68,255.28,159.42,17359.04,10840.56,6518.48
Sub-Saharan Africa,Mozambique,Baby Food,Offline,M,5/1/2010,525112855,6/3/2010,1418,255.28,159.42,361987.04,226057.56,135929.48
Middle East and North Africa,Yemen,Office Supplies,Online,L,7/28/2015,817576205,9/15/2015,7822,651.21,524.96,5093764.62,4106237.12,987527.5
Asia,China,Cosmetics,Offline,M,7/13/2017,268445622,8/23/2017,7880,437.2,263.33,3445136,2075040.4,1370095.6
Asia,Bhutan,Household,Online,M,10/29/2012,534019935,11/4/2012,7221,668.27,502.54,4825577.67,3628841.34,1196736.33
Asia,Japan,Clothes,Online,H,4/16/2014,190910470,4/24/2014,3505,109.28,35.84,383026.4,125619.2,257407.2
Europe,Croatia,Personal Care,Offline,C,11/16/2016,586041057,1/4/2017,1427,81.73,56.67,116628.71,80868.09,35760.62
Australia and Oceania,East Timor,Snacks,Offline,H,8/11/2016,886648023,9/19/2016,7708,152.58,97.44,1176086.64,751067.52,425019.12
Europe,Germany,Personal Care,Offline,C,5/16/2014,330280196,6/18/2014,6104,81.73,56.67,498879.92,345913.68,152966.24
Australia and Oceania,Tonga,Office Supplies,Offline,H,2/6/2012,474798905,3/22/2012,2402,651.21,524.96,1564206.42,1260953.92,303252.5
Central America and the Caribbean,Belize,Cereal,Offline,H,8/2/2016,248377978,8/30/2016,9418,205.7,117.11,1937282.6,1102941.98,834340.62
Sub-Saharan Africa,Ghana,Cereal,Offline,M,12/20/2012,899503743,12/21/2012,2001,205.7,117.11,411605.7,234337.11,177268.59
Central America and the Caribbean,Honduras,Cereal,Online,M,12/18/2013,146975028,1/5/2014,2032,205.7,117.11,417982.4,237967.52,180014.88
Asia,Laos,Fruits,Offline,H,8/14/2010,729903161,10/1/2010,3420,9.33,6.92,31908.6,23666.4,8242.2
Europe,Montenegro,Fruits,Offline,L,12/27/2013,957711970,2/12/2014,7109,9.33,6.92,66326.97,49194.28,17132.69
Australia and Oceania,Marshall Islands,Cereal,Offline,H,6/22/2013,560137784,7/26/2013,6073,205.7,117.11,1249216.1,711209.03,538007.07
Middle East and North Africa,Kuwait,Cosmetics,Offline,H,11/23/2010,237229430,12/13/2010,315,437.2,263.33,137718,82948.95,54769.05
Sub-Saharan Africa,Cape Verde,Meat,Online,H,9/17/2016,309348237,10/12/2016,1873,421.89,364.69,790199.97,683064.37,107135.6
Europe,Czech Republic,Cosmetics,Online,H,12/14/2015,267168033,12/23/2015,9813,437.2,263.33,4290243.6,2584057.29,1706186.31
Sub-Saharan Africa,South Africa,Cereal,Online,L,5/30/2017,121675145,7/16/2017,5234,205.7,117.11,1076633.8,612953.74,463680.06
Europe,Spain,Fruits,Online,C,1/11/2012,854168403,2/28/2012,6267,9.33,6.92,58471.11,43367.64,15103.47
Europe,Albania,Fruits,Online,M,7/12/2014,366259133,8/17/2014,3071,9.33,6.92,28652.43,21251.32,7401.11
Central America and the Caribbean,Saint Kitts and Nevis ,Cereal,Online,H,3/10/2014,229871165,4/6/2014,2841,205.7,117.11,584393.7,332709.51,251684.19
Australia and Oceania,Federated States of Micronesia,Fruits,Offline,L,6/30/2016,737240827,8/15/2016,4799,9.33,6.92,44774.67,33209.08,11565.59
Australia and Oceania,East Timor,Office Supplies,Online,H,8/27/2016,450916945,9/2/2016,5199,651.21,524.96,3385640.79,2729267.04,656373.75
Middle East and North Africa,Lebanon,Beverages,Offline,L,12/4/2010,253760850,1/11/2011,2329,47.45,31.79,110511.05,74038.91,36472.14
Sub-Saharan Africa,Lesotho,Vegetables,Online,M,7/24/2015,198946368,7/29/2015,1506,154.06,90.93,232014.36,136940.58,95073.78
Central America and the Caribbean,Dominica,Beverages,Offline,H,1/9/2010,859959828,2/18/2010,78,47.45,31.79,3701.1,2479.62,1221.48
Sub-Saharan Africa,Tanzania,Beverages,Online,L,6/28/2016,180600059,7/4/2016,2426,47.45,31.79,115113.7,77122.54,37991.16
Sub-Saharan Africa,Tanzania,Personal Care,Online,H,10/6/2012,224978387,11/13/2012,4959,81.73,56.67,405299.07,281026.53,124272.54
Middle East and North Africa,Egypt,Baby Food,Offline,C,10/16/2011,427518641,10/19/2011,1121,255.28,159.42,286168.88,178709.82,107459.06
Middle East and North Africa,Israel,Cosmetics,Online,L,6/5/2012,742957150,7/11/2012,6386,437.2,263.33,2791959.2,1681625.38,1110333.82
Sub-Saharan Africa,Madagascar,Cereal,Offline,M,10/30/2010,296342742,11/3/2010,3258,205.7,117.11,670170.6,381544.38,288626.22
Sub-Saharan Africa,The Gambia,Meat,Online,C,10/8/2011,533036744,11/22/2011,6273,421.89,364.69,2646515.97,2287700.37,358815.6
Middle East and North Africa,Lebanon,Vegetables,Offline,C,4/22/2017,268712985,5/21/2017,6999,154.06,90.93,1078265.94,636419.07,441846.87
Middle East and North Africa,Azerbaijan,Fruits,Online,L,6/5/2015,639357793,7/17/2015,9034,9.33,6.92,84287.22,62515.28,21771.94
Asia,South Korea,Baby Food,Offline,L,2/5/2014,151269996,2/13/2014,3008,255.28,159.42,767882.24,479535.36,288346.88
Middle East and North Africa,Jordan,Beverages,Online,C,10/18/2014,531060922,11/2/2014,1583,47.45,31.79,75113.35,50323.57,24789.78
Europe,Armenia,Household,Offline,H,4/5/2016,875654399,5/14/2016,4450,668.27,502.54,2973801.5,2236303,737498.5
Sub-Saharan Africa,Zambia,Meat,Offline,M,9/25/2010,802286756,10/11/2010,3334,421.89,364.69,1406581.26,1215876.46,190704.8
Asia,Kyrgyzstan,Beverages,Online,H,6/14/2010,898506820,7/10/2010,6990,47.45,31.79,331675.5,222212.1,109463.4
Central America and the Caribbean,Haiti,Baby Food,Online,H,7/25/2013,472175920,8/2/2013,6202,255.28,159.42,1583246.56,988722.84,594523.72
Sub-Saharan Africa,Mauritius ,Baby Food,Online,L,7/6/2015,701467883,8/16/2015,8790,255.28,159.42,2243911.2,1401301.8,842609.4
Sub-Saharan Africa,Rwanda,Baby Food,Online,H,10/15/2012,584869039,11/1/2012,4600,255.28,159.42,1174288,733332,440956
Middle East and North Africa,Qatar,Cereal,Offline,H,4/26/2014,991178214,5/11/2014,515,205.7,117.11,105935.5,60311.65,45623.85
Europe,Luxembourg,Baby Food,Offline,L,12/10/2014,609506738,1/10/2015,5443,255.28,159.42,1389489.04,867723.06,521765.98
Middle East and North Africa,Pakistan,Clothes,Offline,L,5/8/2014,899278438,6/21/2014,5329,109.28,35.84,582353.12,190991.36,391361.76
Europe,Hungary,Baby Food,Offline,L,4/22/2013,240229642,4/22/2013,8144,255.28,159.42,2079000.32,1298316.48,780683.84
Australia and Oceania,Palau,Household,Offline,L,6/1/2017,682409179,7/5/2017,8895,668.27,502.54,5944261.65,4470093.3,1474168.35
Asia,Brunei,Cereal,Online,L,8/21/2010,296178376,10/1/2010,4618,205.7,117.11,949922.6,540813.98,409108.62
Sub-Saharan Africa,Tanzania,Baby Food,Offline,M,1/25/2012,822211062,1/30/2012,9380,255.28,159.42,2394526.4,1495359.6,899166.8
Sub-Saharan Africa,Swaziland,Snacks,Offline,C,7/31/2011,921493566,8/26/2011,9279,152.58,97.44,1415789.82,904145.76,511644.06
Sub-Saharan Africa,Burkina Faso,Beverages,Offline,L,6/20/2011,225324714,7/30/2011,7445,47.45,31.79,353265.25,236676.55,116588.7
Sub-Saharan Africa,Mali,Personal Care,Online,C,2/3/2015,685315835,3/22/2015,9040,81.73,56.67,738839.2,512296.8,226542.4
Middle East and North Africa,Somalia,Cereal,Offline,M,7/11/2015,723390758,8/13/2015,6255,205.7,117.11,1286653.5,732523.05,554130.45
Sub-Saharan Africa,Mauritania,Meat,Offline,C,6/19/2014,181785809,6/20/2014,3316,421.89,364.69,1398987.24,1209312.04,189675.2
Sub-Saharan Africa,Ghana,Cereal,Offline,C,11/25/2010,773049819,1/5/2011,1475,205.7,117.11,303407.5,172737.25,130670.25
Middle East and North Africa,Morocco,Personal Care,Offline,M,6/13/2012,230044114,6/18/2012,4020,81.73,56.67,328554.6,227813.4,100741.2
Sub-Saharan Africa,Botswana,Cosmetics,Online,C,6/9/2016,855942523,7/14/2016,1268,437.2,263.33,554369.6,333902.44,220467.16
North America,United States of America,Office Supplies,Offline,H,9/8/2013,974231374,10/12/2013,5568,651.21,524.96,3625937.28,2922977.28,702960
Central America and the Caribbean,Panama,Vegetables,Offline,C,1/5/2015,778709495,2/19/2015,6299,154.06,90.93,970423.94,572768.07,397655.87
Central America and the Caribbean,Jamaica,Office Supplies,Offline,M,2/22/2017,983488214,3/19/2017,4873,651.21,524.96,3173346.33,2558130.08,615216.25
Central America and the Caribbean,Dominica,Office Supplies,Offline,H,2/7/2014,572991359,2/24/2014,9731,651.21,524.96,6336924.51,5108385.76,1228538.75
Europe,Slovenia,Clothes,Offline,H,2/9/2016,851955258,3/11/2016,1348,109.28,35.84,147309.44,48312.32,98997.12
Sub-Saharan Africa,Central African Republic,Beverages,Offline,M,7/8/2015,495428740,7/17/2015,7229,47.45,31.79,343016.05,229809.91,113206.14
Europe,Poland,Fruits,Online,C,4/28/2013,498773133,5/11/2013,6909,9.33,6.92,64460.97,47810.28,16650.69
Europe,Liechtenstein,Cosmetics,Offline,L,5/18/2015,127662265,6/28/2015,6956,437.2,263.33,3041163.2,1831723.48,1209439.72
Asia,Kyrgyzstan,Household,Online,H,6/9/2013,968082463,6/9/2013,5969,668.27,502.54,3988903.63,2999661.26,989242.37
Europe,Greece,Cereal,Offline,L,9/14/2011,176332557,10/27/2011,9577,205.7,117.11,1969988.9,1121562.47,848426.43
Asia,Taiwan,Vegetables,Offline,C,6/3/2015,829023873,7/2/2015,5442,154.06,90.93,838394.52,494841.06,343553.46
Europe,Ukraine,Meat,Offline,H,12/24/2011,673080241,1/3/2012,8256,421.89,364.69,3483123.84,3010880.64,472243.2
Sub-Saharan Africa,Angola,Office Supplies,Online,H,7/19/2012,675737988,7/19/2012,4742,651.21,524.96,3088037.82,2489360.32,598677.5
Asia,India,Baby Food,Offline,M,6/8/2010,974545943,6/9/2010,8656,255.28,159.42,2209703.68,1379939.52,829764.16
Asia,Bangladesh,Snacks,Offline,M,2/24/2015,427365434,3/25/2015,5784,152.58,97.44,882522.72,563592.96,318929.76
Europe,Estonia,Clothes,Offline,H,10/8/2010,662370288,11/13/2010,8942,109.28,35.84,977181.76,320481.28,656700.48
Sub-Saharan Africa,Cameroon,Cosmetics,Offline,H,9/21/2012,228046834,10/31/2012,2981,437.2,263.33,1303293.2,784986.73,518306.47
Asia,Sri Lanka,Snacks,Online,C,1/1/2011,443193900,2/15/2011,9779,152.58,97.44,1492079.82,952865.76,539214.06
Europe,Vatican City,Baby Food,Offline,L,10/22/2011,446922814,11/12/2011,3247,255.28,159.42,828894.16,517636.74,311257.42
Europe,Albania,Cereal,Online,C,1/16/2011,348657405,2/9/2011,4329,205.7,117.11,890475.3,506969.19,383506.11
Central America and the Caribbean,The Bahamas,Fruits,Online,H,4/4/2013,778134000,4/28/2013,5997,9.33,6.92,55952.01,41499.24,14452.77
Asia,Bangladesh,Beverages,Offline,H,9/11/2012,635401427,10/11/2012,8257,47.45,31.79,391794.65,262490.03,129304.62
Asia,Nepal,Baby Food,Online,H,4/2/2012,240821015,4/15/2012,3145,255.28,159.42,802855.6,501375.9,301479.7
Sub-Saharan Africa,Cote d'Ivoire,Household,Online,H,2/2/2012,885066592,3/6/2012,9728,668.27,502.54,6500930.56,4888709.12,1612221.44
Sub-Saharan Africa,Burkina Faso,Snacks,Offline,M,6/8/2013,779124486,6/21/2013,9104,152.58,97.44,1389088.32,887093.76,501994.56
Asia,Tajikistan,Office Supplies,Offline,C,10/22/2014,904293525,11/6/2014,9404,651.21,524.96,6123978.84,4936723.84,1187255
Asia,Sri Lanka,Cosmetics,Offline,M,10/11/2015,962185037,10/24/2015,789,437.2,263.33,344950.8,207767.37,137183.43
Asia,Singapore,Snacks,Offline,M,3/12/2013,724722850,4/2/2013,451,152.58,97.44,68813.58,43945.44,24868.14
Europe,Netherlands,Cereal,Online,C,7/21/2012,484143292,8/4/2012,7614,205.7,117.11,1566199.8,891675.54,674524.26
Sub-Saharan Africa,Sierra Leone,Personal Care,Offline,L,8/16/2016,602995193,8/23/2016,8532,81.73,56.67,697320.36,483508.44,213811.92
Australia and Oceania,Tonga,Personal Care,Offline,M,2/4/2014,164139878,3/5/2014,1492,81.73,56.67,121941.16,84551.64,37389.52
Sub-Saharan Africa,Mauritius ,Clothes,Offline,H,8/25/2013,120751178,10/10/2013,1812,109.28,35.84,198015.36,64942.08,133073.28
Europe,Albania,Vegetables,Online,M,6/20/2017,146315419,7/25/2017,6839,154.06,90.93,1053616.34,621870.27,431746.07
Central America and the Caribbean,Saint Lucia,Personal Care,Offline,H,6/8/2017,884631431,6/23/2017,954,81.73,56.67,77970.42,54063.18,23907.24
Asia,Tajikistan,Personal Care,Online,C,1/26/2014,799810540,2/14/2014,567,81.73,56.67,46340.91,32131.89,14209.02
Europe,Albania,Household,Offline,C,9/30/2012,226276576,10/13/2012,9122,668.27,502.54,6095958.94,4584169.88,1511789.06
Central America and the Caribbean,Belize,Household,Offline,C,4/30/2012,918765866,6/2/2012,2092,668.27,502.54,1398020.84,1051313.68,346707.16
