Region,Country,Item Type,Sales Channel,Order Priority,Order Date,Order ID,Ship Date,Units Sold,Unit Price,Unit Cost,Total Revenue,Total Cost,Total Profit
Central America and the Caribbean,Belize,Household,Offline,C,4/30/2012,918765866,6/2/2012,2092,668.27,502.54,1398020.84,1051313.68,346707.16
Sub-Saharan Africa,Sierra Leone,Personal Care,Online,M,7/14/2016,202327239,8/30/2016,1981,81.73,56.67,161907.13,112263.27,49643.86
Australia and Oceania,Australia,Vegetables,Offline,H,12/30/2014,422322022,2/8/2015,3326,154.06,90.93,512403.56,302433.18,209970.38
Sub-Saharan Africa,Sierra Leone,Clothes,Offline,L,5/8/2017,394424045,6/11/2017,7695,109.28,35.84,840909.6,275788.8,565120.8
Sub-Saharan Africa,Djibouti,Vegetables,Online,C,7/28/2011,354619634,8/13/2011,8685,154.06,90.93,1338011.1,789727.05,548284.05
Australia and Oceania,Kiribati,Baby Food,Offline,M,3/17/2013,609207618,3/25/2013,6927,255.28,159.42,1768324.56,1104302.34,664022.22
Sub-Saharan Africa,Madagascar,Cereal,Offline,M,2/29/2016,184799325,4/19/2016,5082,205.7,117.11,1045367.4,595153.02,450214.38
Asia,Brunei,Cosmetics,Online,C,8/7/2011,878318583,8/21/2011,2842,437.2,263.33,1242522.4,748383.86,494138.54
Middle East and North Africa,Iran,Personal Care,Online,H,6/25/2014,507001721,8/6/2014,1931,81.73,56.67,157820.63,109429.77,48390.86
Middle East and North Africa,Yemen,Snacks,Online,M,4/28/2014,558397567,5/7/2014,1104,152.58,97.44,168448.32,107573.76,60874.56
Middle East and North Africa,Azerbaijan,Baby Food,Online,H,11/8/2016,340367448,11/14/2016,1146,255.28,159.42,292550.88,182695.32,109855.56
Asia,Taiwan,Fruits,Offline,M,7/4/2017,131085193,7/16/2017,9876,9.33,6.92,92143.08,68341.92,23801.16
Europe,Belgium,Clothes,Online,L,10/11/2012,729037129,10/30/2012,7142,109.28,35.84,780477.76,255969.28,524508.48
Middle East and North Africa,Tunisia ,Office Supplies,Offline,M,8/5/2011,303022086,8/11/2011,9824,651.21,524.96,6397487.04,5157207.04,1240280
Europe,Liechtenstein,Fruits,Offline,L,5/13/2016,242151391,5/31/2016,6833,9.33,6.92,63751.89,47284.36,16467.53
Central America and the Caribbean,Dominica,Cosmetics,Online,L,8/23/2011,205848872,9/28/2011,4111,437.2,263.33,1797329.2,1082549.63,714779.57
Europe,Ukraine,Snacks,Online,M,4/29/2013,373850858,5/4/2013,9631,152.58,97.44,1469497.98,938444.64,531053.34
Europe,Belgium,Baby Food,Offline,M,11/19/2011,996206176,11/27/2011,8400,255.28,159.42,2144352,1339128,805224
Australia and Oceania,Marshall Islands,Fruits,Offline,H,12/26/2013,143276154,2/7/2014,7453,9.33,6.92,69536.49,51574.76,17961.73
Sub-Saharan Africa,Mozambique,Cosmetics,Offline,C,1/6/2016,455734622,2/18/2016,857,437.2,263.33,374680.4,225673.81,149006.59
Middle East and North Africa,Qatar,Cosmetics,Offline,M,5/31/2015,594567906,6/7/2015,4711,437.2,263.33,2059649.2,1240547.63,819101.57
Sub-Saharan Africa,Namibia,Clothes,Online,H,6/25/2014,191074836,7/17/2014,2145,109.28,35.84,234405.6,76876.8,157528.8
Middle East and North Africa,Iraq,Baby Food,Online,M,7/29/2016,296866738,9/5/2016,8320,255.28,159.42,2123929.6,1326374.4,797555.2
Middle East and North Africa,Somalia,Office Supplies,Offline,H,10/8/2014,233867442,11/18/2014,5428,651.21,524.96,3534767.88,2849482.88,685285
Sub-Saharan Africa,Rwanda,Baby Food,Online,C,10/4/2010,744313275,11/7/2010,7693,255.28,159.42,1963869.04,1226418.06,737450.98
Middle East and North Africa,Qatar,Snacks,Online,H,2/8/2011,840753066,2/14/2011,6370,152.58,97.44,971934.6,620692.8,351241.8
Europe,United Kingdom,Beverages,Offline,L,11/9/2015,956048142,11/19/2015,4746,47.45,31.79,225197.7,150875.34,74322.36
Middle East and North Africa,Saudi Arabia,Cosmetics,Online,M,10/7/2014,693372333,11/14/2014,3136,437.2,263.33,1371059.2,825802.88,545256.32
Sub-Saharan Africa,Guinea,Office Supplies,Offline,C,10/18/2013,176211965,11/30/2013,3891,651.21,524.96,2533858.11,2042619.36,491238.75
Australia and Oceania,Australia,Personal Care,Online,C,3/11/2016,498365867,3/29/2016,6390,81.73,56.67,522254.7,362121.3,160133.4
Europe,Ireland,Baby Food,Offline,C,2/12/2011,573945367,3/4/2011,2043,255.28,159.42,521537.04,325695.06,195841.98
Middle East and North Africa,Oman,Household,Online,L,4/19/2015,287374293,5/31/2015,9294,668.27,502.54,6210901.38,4670606.76,1540294.62
Europe,Lithuania,Snacks,Online,H,3/30/2016,943388974,5/11/2016,8617,152.58,97.44,1314781.86,839640.48,475141.38
Europe,Belgium,Cereal,Online,C,11/19/2013,317038238,12/5/2013,7515,205.7,117.11,1545835.5,880081.65,665753.85
Middle East and North Africa,Algeria,Household,Offline,C,10/15/2016,303683412,11/7/2016,5525,668.27,502.54,3692191.75,2776533.5,915658.25
Central America and the Caribbean,El Salvador,Cereal,Online,H,8/27/2015,168998324,9/6/2015,9215,205.7,117.11,1895525.5,1079168.65,816356.85
Middle East and North Africa,Bahrain,Vegetables,Online,H,5/24/2017,598969304,7/2/2017,7182,154.06,90.93,1106458.92,653059.26,453399.66
Sub-Saharan Africa,Kenya,Household,Online,H,1/18/2011,549895179,1/24/2011,5058,668.27,502.54,3380109.66,2541847.32,838262.34
Middle East and North Africa,Tunisia ,Cereal,Online,C,1/8/2017,398387277,2/4/2017,503,205.7,117.11,103467.1,58906.33,44560.77
Sub-Saharan Africa,Kenya,Household,Online,L,2/15/2015,591369426,2/15/2015,8209,668.27,502.54,5485828.43,4125350.86,1360477.57
Europe,Poland,Cosmetics,Offline,M,7/13/2016,296077954,8/23/2016,4901,437.2,263.33,2142717.2,1290580.33,852136.87
Sub-Saharan Africa,Ghana,Meat,Offline,M,7/18/2014,550061690,9/6/2014,4333,421.89,364.69,1828049.37,1580201.77,247847.6
Asia,Maldives,Office Supplies,Offline,H,2/7/2011,211181962,3/21/2011,2290,651.21,524.96,1491270.9,1202158.4,289112.5
Middle East and North Africa,Bahrain,Personal Care,Online,M,12/31/2012,907612597,1/21/2013,1592,81.73,56.67,130114.16,90218.64,39895.52
Sub-Saharan Africa,Burkina Faso,Meat,Offline,H,12/13/2012,287839925,12/19/2012,7085,421.89,364.69,2989090.65,2583828.65,405262
Central America and the Caribbean,Trinidad and Tobago,Snacks,Offline,L,2/2/2016,570662772,2/2/2016,651,152.58,97.44,99329.58,63433.44,35896.14
Asia,Kazakhstan,Beverages,Offline,H,6/20/2013,895192468,7/13/2013,6199,47.45,31.79,294142.55,197066.21,97076.34
Middle East and North Africa,Bahrain,Cereal,Online,M,2/22/2016,470852839,3/23/2016,4673,205.7,117.11,961236.1,547255.03,413981.07
Middle East and North Africa,Somalia,Household,Offline,L,7/6/2013,827380216,8/18/2013,9047,668.27,502.54,6045838.69,4546479.38,1499359.31
Sub-Saharan Africa,Sierra Leone,Snacks,Offline,M,12/21/2014,864823424,1/9/2015,9324,152.58,97.44,1422655.92,908530.56,514125.36
Central America and the Caribbean,Antigua and Barbuda ,Clothes,Online,M,11/2/2015,903543794,12/1/2015,7542,109.28,35.84,824189.76,270305.28,553884.48
Middle East and North Africa,Israel,Office Supplies,Online,M,4/9/2016,434215152,5/14/2016,2767,651.21,524.96,1801898.07,1452564.32,349333.75
North America,United States of America,Clothes,Offline,L,7/5/2017,367823827,7/13/2017,6099,109.28,35.84,666498.72,218588.16,447910.56
Sub-Saharan Africa,Malawi,Snacks,Online,H,6/27/2010,785668647,7/8/2010,5667,152.58,97.44,864670.86,552192.48,312478.38
Asia,Brunei,Cosmetics,Offline,C,6/30/2017,489360940,7/19/2017,1632,437.2,263.33,713510.4,429754.56,283755.84
Central America and the Caribbean,Panama,Snacks,Online,C,9/3/2012,150824534,10/17/2012,1186,152.58,97.44,180959.88,115563.84,65396.04
Asia,Bhutan,Cosmetics,Offline,M,8/27/2016,962295758,9/7/2016,3554,437.2,263.33,1553808.8,935874.82,617933.98
Sub-Saharan Africa,Seychelles ,Beverages,Offline,M,1/24/2017,586323440,3/2/2017,4990,47.45,31.79,236775.5,158632.1,78143.4
Sub-Saharan Africa,Namibia,Meat,Online,M,3/1/2010,805768907,4/19/2010,3780,421.89,364.69,1594744.2,1378528.2,216216
Sub-Saharan Africa,Zimbabwe,Office Supplies,Offline,M,3/18/2012,773805987,3/31/2012,5242,651.21,524.96,3413642.82,2751840.32,661802.5
Asia,India,Beverages,Online,L,3/29/2010,163921010,4/6/2010,6724,47.45,31.79,319053.8,213755.96,105297.84
Europe,Portugal,Vegetables,Online,L,4/13/2011,519912803,4/16/2011,2607,154.06,90.93,401634.42,237054.51,164579.91
Europe,Liechtenstein,Clothes,Offline,C,11/7/2015,305892693,12/5/2015,9300,109.28,35.84,1016304,333312,682992
Europe,Moldova ,Meat,Online,M,3/7/2014,756284511,3/8/2014,248,421.89,364.69,104628.72,90443.12,14185.6
Asia,Brunei,Vegetables,Offline,L,9/14/2012,925824582,9/22/2012,923,154.06,90.93,142197.38,83928.39,58268.99
Asia,Bangladesh,Vegetables,Online,M,2/21/2015,839561736,3/10/2015,3829,154.06,90.93,589895.74,348170.97,241724.77
Middle East and North Africa,Afghanistan,Vegetables,Offline,C,2/16/2011,142857301,3/1/2011,3505,154.06,90.93,539980.3,318709.65,221270.65
Central America and the Caribbean,El Salvador,Fruits,Online,L,4/17/2010,351385104,5/5/2010,1516,9.33,6.92,14144.28,10490.72,3653.56
Europe,Hungary,Personal Care,Online,M,10/5/2015,801131474,10/23/2015,1461,81.73,56.67,119407.53,82794.87,36612.66
Sub-Saharan Africa,Swaziland,Cosmetics,Online,L,10/16/2012,898395240,11/22/2012,3971,437.2,263.33,1736121.2,1045683.43,690437.77
Europe,Romania,Office Supplies,Online,C,6/5/2010,569787728,6/17/2010,1706,651.21,524.96,1110964.26,895581.76,215382.5
Sub-Saharan Africa,Mali,Beverages,Offline,M,12/25/2014,712232768,1/13/2015,4358,47.45,31.79,206787.1,138540.82,68246.28
Europe,Spain,Beverages,Online,C,2/16/2011,942966687,4/3/2011,3652,47.45,31.79,173287.4,116097.08,57190.32
North America,Canada,Baby Food,Offline,H,2/5/2011,949538314,2/26/2011,8343,255.28,159.42,2129801.04,1330041.06,799759.98
Sub-Saharan Africa,Guinea,Cosmetics,Offline,M,1/15/2013,939808976,2/17/2013,9216,437.2,263.33,4029235.2,2426849.28,1602385.92
Europe,San Marino,Household,Online,M,5/26/2012,291952502,6/7/2012,4088,668.27,502.54,2731887.76,2054383.52,677504.24
Sub-Saharan Africa,Mauritius ,Personal Care,Online,H,3/29/2013,704455220,5/18/2013,2809,81.73,56.67,229579.57,159186.03,70393.54
Europe,Denmark,Baby Food,Offline,C,11/30/2016,346115958,12/26/2016,2258,255.28,159.42,576422.24,359970.36,216451.88
Europe,Poland,Clothes,Online,H,9/9/2010,606046044,10/14/2010,1347,109.28,35.84,147200.16,48276.48,98923.68
Asia,Brunei,Snacks,Online,C,12/23/2016,243669307,12/29/2016,6018,152.58,97.44,918226.44,586393.92,331832.52
Sub-Saharan Africa,Cote d'Ivoire,Clothes,Online,M,10/26/2013,338722074,12/3/2013,4244,109.28,35.84,463784.32,152104.96,311679.36
Sub-Saharan Africa,Central African Republic,Meat,Online,M,5/24/2014,241253173,6/4/2014,1030,421.89,364.69,434546.7,375630.7,58916
Australia and Oceania,Fiji,Personal Care,Offline,H,3/26/2010,721623933,4/18/2010,3413,81.73,56.67,278944.49,193414.71,85529.78
Sub-Saharan Africa,Mauritius ,Meat,Offline,C,11/10/2012,820508182,11/19/2012,5459,421.89,364.69,2303097.51,1990842.71,312254.8
Central America and the Caribbean,Nicaragua,Household,Online,M,2/24/2012,998892247,3/12/2012,3268,668.27,502.54,2183906.36,1642300.72,541605.64
Asia,Japan,Household,Online,H,5/25/2010,888074958,6/27/2010,9970,668.27,502.54,6662651.9,5010323.8,1652328.1
Central America and the Caribbean,Haiti,Household,Online,M,12/17/2010,639667642,12/24/2010,725,668.27,502.54,484495.75,364341.5,120154.25
Europe,Belgium,Beverages,Online,H,6/26/2014,475594127,7/23/2014,7726,47.45,31.79,366598.7,245609.54,120989.16
Australia and Oceania,Kiribati,Personal Care,Offline,H,2/5/2015,238090741,3/23/2015,5196,81.73,56.67,424669.08,294457.32,130211.76
Sub-Saharan Africa,The Gambia,Clothes,Online,M,10/14/2011,739706313,12/3/2011,4391,109.28,35.84,479848.48,157373.44,322475.04
Sub-Saharan Africa,Togo,Vegetables,Offline,H,2/29/2012,613302171,4/14/2012,8596,154.06,90.93,1324299.76,781634.28,542665.48
Sub-Saharan Africa,Seychelles ,Office Supplies,Online,H,7/25/2013,362052142,8/14/2013,8129,651.21,524.96,5293686.09,4267399.84,1026286.25
Asia,North Korea,Household,Online,C,5/18/2014,109442555,6/18/2014,5339,668.27,502.54,3567893.53,2683061.06,884832.47
Middle East and North Africa,Yemen,Beverages,Offline,M,4/10/2010,949272239,4/30/2010,9605,47.45,31.79,455757.25,305342.95,150414.3
Middle East and North Africa,Kuwait,Snacks,Online,M,2/17/2013,895652520,4/1/2013,2339,152.58,97.44,356884.62,227912.16,128972.46
Sub-Saharan Africa,Zambia,Cereal,Offline,L,12/19/2016,733007228,2/1/2017,1983,205.7,117.11,407903.1,232229.13,175673.97
Europe,Ireland,Cereal,Offline,L,11/8/2016,866072690,12/9/2016,9010,205.7,117.11,1853357,1055161.1,798195.9
Australia and Oceania,Palau,Office Supplies,Online,C,9/23/2012,869897735,9/23/2012,926,651.21,524.96,603020.46,486112.96,116907.5
Sub-Saharan Africa,Zambia,Vegetables,Offline,H,2/26/2013,839843690,3/8/2013,7266,154.06,90.93,1119399.96,660697.38,458702.58
Sub-Saharan Africa,Senegal,Cosmetics,Offline,C,5/28/2016,941584384,6/5/2016,4598,437.2,263.33,2010245.6,1210791.34,799454.26
Europe,Denmark,Cosmetics,Offline,H,4/1/2014,961106145,4/5/2014,1521,437.2,263.33,664981.2,400524.93,264456.27
Middle East and North Africa,United Arab Emirates,Office Supplies,Offline,C,11/13/2010,754707801,1/2/2011,3664,651.21,524.96,2386033.44,1923453.44,462580
Europe,Norway,Baby Food,Offline,M,7/11/2011,699000680,7/14/2011,8689,255.28,159.42,2218127.92,1385200.38,832927.54
Asia,Singapore,Baby Food,Online,L,3/5/2011,340908610,3/24/2011,1288,255.28,159.42,328800.64,205332.96,123467.68
Europe,Bulgaria,Cereal,Online,C,6/1/2013,647667920,6/9/2013,8185,205.7,117.11,1683654.5,958545.35,725109.15
Central America and the Caribbean,The Bahamas,Fruits,Offline,L,7/22/2011,856827437,8/15/2011,3134,9.33,6.92,29240.22,21687.28,7552.94
Middle East and North Africa,Oman,Cosmetics,Offline,C,2/6/2015,726248490,3/10/2015,1922,437.2,263.33,840298.4,506120.26,334178.14
Asia,South Korea,Personal Care,Online,H,9/15/2015,984104907,10/21/2015,7366,81.73,56.67,602023.18,417431.22,184591.96
Sub-Saharan Africa,Cote d'Ivoire,Baby Food,Online,L,8/26/2013,178883016,8/26/2013,4314,255.28,159.42,1101277.92,687737.88,413540.04
Europe,Albania,Baby Food,Online,C,1/27/2014,529381644,3/2/2014,4647,255.28,159.42,1186286.16,740824.74,445461.42
Central America and the Caribbean,Nicaragua,Baby Food,Online,H,8/9/2015,274712121,8/11/2015,2276,255.28,159.42,581017.28,362839.92,218177.36
Asia,Thailand,Vegetables,Online,H,2/22/2014,424298274,3/8/2014,8143,154.06,90.93,1254510.58,740442.99,514067.59
Australia and Oceania,Solomon Islands,Fruits,Online,M,3/30/2014,707876431,5/9/2014,5222,9.33,6.92,48721.26,36136.24,12585.02
Sub-Saharan Africa,Madagascar,Baby Food,Online,C,2/23/2010,925495421,3/30/2010,3517,255.28,159.42,897819.76,560680.14,337139.62
Asia,Maldives,Household,Online,H,4/27/2012,497516572,5/21/2012,5064,668.27,502.54,3384119.28,2544862.56,839256.72
Sub-Saharan Africa,Comoros,Vegetables,Online,C,5/10/2013,714613711,5/25/2013,8932,154.06,90.93,1376063.92,812186.76,563877.16
Europe,San Marino,Beverages,Online,H,6/25/2014,687773168,7/27/2014,6219,47.45,31.79,295091.55,197702.01,97389.54
North America,United States of America,Office Supplies,Offline,C,3/18/2014,498293769,4/23/2014,5054,651.21,524.96,3291215.34,2653147.84,638067.5
Australia and Oceania,Solomon Islands,Office Supplies,Offline,M,2/12/2012,747786843,2/14/2012,5599,651.21,524.96,3646124.79,2939251.04,706873.75
Middle East and North Africa,Pakistan,Beverages,Offline,L,8/16/2012,308176219,9/29/2012,5046,47.45,31.79,239432.7,160412.34,79020.36
Central America and the Caribbean,Nicaragua,Vegetables,Online,H,8/28/2013,371698224,10/3/2013,2619,154.06,90.93,403483.14,238145.67,165337.47
Australia and Oceania,East Timor,Office Supplies,Offline,M,5/29/2010,400901687,7/13/2010,4573,651.21,524.96,2977983.33,2400642.08,577341.25
Sub-Saharan Africa,Djibouti,Meat,Offline,L,4/13/2014,378647935,5/30/2014,9193,421.89,364.69,3878434.77,3352595.17,525839.6
Asia,Malaysia,Fruits,Online,C,4/1/2011,358110797,4/9/2011,1798,9.33,6.92,16775.34,12442.16,4333.18
Sub-Saharan Africa,Nigeria,Household,Online,M,1/22/2011,912776601,2/1/2011,9735,668.27,502.54,6505608.45,4892226.9,1613381.55
Europe,Estonia,Vegetables,Online,L,3/4/2013,886444175,3/22/2013,7385,154.06,90.93,1137733.1,671518.05,466215.05
Sub-Saharan Africa,Gabon,Cosmetics,Online,M,7/13/2010,543224847,7/28/2010,1159,437.2,263.33,506714.8,305199.47,201515.33
Central America and the Caribbean,Trinidad and Tobago,Meat,Online,C,2/1/2016,217542445,2/19/2016,4499,421.89,364.69,1898083.11,1640740.31,257342.8
Europe,Ukraine,Cosmetics,Online,C,7/21/2013,764133298,8/1/2013,2878,437.2,263.33,1258261.6,757863.74,500397.86
Middle East and North Africa,Kuwait,Fruits,Online,C,3/22/2014,408046233,4/6/2014,8803,9.33,6.92,82131.99,60916.76,21215.23
Europe,Montenegro,Personal Care,Online,L,4/21/2015,594642579,5/5/2015,6808,81.73,56.67,556417.84,385809.36,170608.48
Europe,Italy,Beverages,Offline,C,4/13/2011,139596164,5/13/2011,8462,47.45,31.79,401521.9,269006.98,132514.92
Asia,Laos,Baby Food,Online,M,11/7/2012,178893315,12/26/2012,7362,255.28,159.42,1879371.36,1173650.04,705721.32
Sub-Saharan Africa,Togo,Meat,Offline,C,11/6/2012,118832862,12/20/2012,4139,421.89,364.69,1746202.71,1509451.91,236750.8
Middle East and North Africa,Kuwait,Beverages,Offline,C,9/27/2012,786026132,9/29/2012,1454,47.45,31.79,68992.3,46222.66,22769.64
Sub-Saharan Africa,Benin,Snacks,Online,C,4/9/2011,377396953,4/10/2011,9000,152.58,97.44,1373220,876960,496260
Sub-Saharan Africa,Swaziland,Office Supplies,Offline,H,10/28/2015,310181653,11/25/2015,8499,651.21,524.96,5534633.79,4461635.04,1072998.75
Sub-Saharan Africa,Senegal,Vegetables,Offline,C,12/1/2015,271929061,12/11/2015,8707,154.06,90.93,1341400.42,791727.51,549672.91
Europe,Montenegro,Meat,Offline,C,4/11/2017,470500504,5/19/2017,410,421.89,364.69,172974.9,149522.9,23452
Sub-Saharan Africa,Togo,Vegetables,Online,L,5/5/2015,284069812,6/15/2015,1425,154.06,90.93,219535.5,129575.25,89960.25
Europe,Latvia,Household,Online,M,3/6/2014,511123311,3/14/2014,1601,668.27,502.54,1069900.27,804566.54,265333.73
Europe,Russia,Snacks,Offline,L,2/20/2015,220459830,3/16/2015,7818,152.58,97.44,1192870.44,761785.92,431084.52
Central America and the Caribbean,Belize,Meat,Offline,L,1/22/2013,801190698,2/19/2013,8987,421.89,364.69,3791525.43,3277469.03,514056.4
Europe,Sweden,Personal Care,Offline,M,3/20/2015,112739741,3/24/2015,1050,81.73,56.67,85816.5,59503.5,26313
Australia and Oceania,Vanuatu,Beverages,Offline,L,10/14/2014,134843289,12/2/2014,1981,47.45,31.79,93998.45,62975.99,31022.46
Middle East and North Africa,Azerbaijan,Fruits,Online,L,5/19/2017,217550170,6/30/2017,6785,9.33,6.92,63304.05,46952.2,16351.85
Australia and Oceania,Tonga,Cereal,Online,M,7/12/2014,231221711,8/12/2014,2497,205.7,117.11,513632.9,292423.67,221209.23
Sub-Saharan Africa,South Africa,Baby Food,Offline,C,3/7/2010,116531741,3/9/2010,3187,255.28,159.42,813577.36,508071.54,305505.82
Asia,Nepal,Office Supplies,Offline,L,12/6/2016,334466588,12/10/2016,4951,651.21,524.96,3224140.71,2599076.96,625063.75
Europe,Croatia,Beverages,Offline,M,5/11/2014,516325080,6/1/2014,920,47.45,31.79,43654,29246.8,14407.2
Asia,Sri Lanka,Meat,Offline,C,5/23/2013,813718545,5/27/2013,6255,421.89,364.69,2638921.95,2281135.95,357786
Europe,Macedonia,Household,Offline,L,9/3/2014,548570811,10/15/2014,3148,668.27,502.54,2103713.96,1581995.92,521718.04
Asia,Myanmar,Office Supplies,Online,L,5/2/2012,463118207,6/5/2012,5824,651.21,524.96,3792647.04,3057367.04,735280
Europe,Georgia,Beverages,Offline,H,12/7/2012,469909560,12/28/2012,5536,47.45,31.79,262683.2,175989.44,86693.76
Europe,Estonia,Baby Food,Offline,H,7/8/2016,101806199,7/14/2016,5572,255.28,159.42,1422420.16,888288.24,534131.92
North America,United States of America,Snacks,Online,M,11/2/2012,761981952,12/2/2012,6247,152.58,97.44,953167.26,608707.68,344459.58
Europe,Latvia,Baby Food,Online,M,6/8/2015,773923146,7/25/2015,9912,255.28,159.42,2530335.36,1580171.04,950164.32
Sub-Saharan Africa,Burkina Faso,Meat,Online,C,5/26/2012,331428611,7/15/2012,5946,421.89,364.69,2508557.94,2168446.74,340111.2
Asia,Malaysia,Snacks,Online,M,8/15/2015,148609673,9/28/2015,5760,152.58,97.44,878860.8,561254.4,317606.4
Sub-Saharan Africa,Benin,Household,Offline,H,7/15/2011,109890162,8/8/2011,7796,668.27,502.54,5209832.92,3917801.84,1292031.08
Europe,Macedonia,Personal Care,Online,M,5/14/2010,620006406,7/2/2010,2528,81.73,56.67,206613.44,143261.76,63351.68
Sub-Saharan Africa,Cameroon,Beverages,Offline,C,1/18/2012,354007232,1/31/2012,7462,47.45,31.79,354071.9,237216.98,116854.92
Sub-Saharan Africa,Djibouti,Cereal,Online,L,7/26/2017,307253968,8/20/2017,2132,205.7,117.11,438552.4,249678.52,188873.88
Middle East and North Africa,Iraq,Meat,Offline,C,1/22/2010,645420444,2/25/2010,3107,421.89,364.69,1310812.23,1133091.83,177720.4
Central America and the Caribbean,Barbados,Cosmetics,Offline,C,7/30/2011,254492986,9/17/2011,8985,437.2,263.33,3928242,2366020.05,1562221.95
Sub-Saharan Africa,Malawi,Office Supplies,Offline,C,3/1/2011,790770423,3/21/2011,5396,651.21,524.96,3513929.16,2832684.16,681245
Sub-Saharan Africa,Comoros,Cosmetics,Online,C,1/27/2014,830864083,2/4/2014,1,437.2,263.33,437.2,263.33,173.87
Europe,Slovakia,Meat,Offline,C,4/8/2015,821697795,4/23/2015,7492,421.89,364.69,3160799.88,2732257.48,428542.4
Middle East and North Africa,Saudi Arabia,Cosmetics,Offline,C,10/10/2010,830507886,10/14/2010,4594,437.2,263.33,2008496.8,1209738.02,798758.78
Europe,Macedonia,Cosmetics,Offline,H,8/10/2016,994843184,9/7/2016,5061,437.2,263.33,2212669.2,1332713.13,879956.07
Europe,Malta,Cereal,Offline,H,1/1/2012,172565019,1/2/2012,4679,205.7,117.11,962470.3,547957.69,414512.61
Asia,Brunei,Snacks,Online,H,4/24/2011,891847217,5/21/2011,6265,152.58,97.44,955913.7,610461.6,345452.1
Sub-Saharan Africa,Niger,Household,Online,M,10/28/2014,801176106,11/21/2014,4669,668.27,502.54,3120152.63,2346359.26,773793.37
Australia and Oceania,Marshall Islands,Office Supplies,Online,M,7/14/2012,319350516,8/29/2012,1769,651.21,524.96,1151990.49,928654.24,223336.25
Europe,Albania,Fruits,Offline,L,8/21/2010,385481774,9/1/2010,1478,9.33,6.92,13789.74,10227.76,3561.98
Middle East and North Africa,Afghanistan,Clothes,Online,M,8/14/2012,208993709,9/10/2012,4738,109.28,35.84,517768.64,169809.92,347958.72
Sub-Saharan Africa,Kenya,Baby Food,Offline,M,6/12/2015,419622647,6/26/2015,4521,255.28,159.42,1154120.88,720737.82,433383.06
Sub-Saharan Africa,Lesotho,Vegetables,Online,C,5/15/2013,817417418,6/14/2013,834,154.06,90.93,128486.04,75835.62,52650.42
Sub-Saharan Africa,Benin,Clothes,Online,C,11/7/2016,822739350,12/23/2016,5712,109.28,35.84,624207.36,204718.08,419489.28
Europe,Belgium,Office Supplies,Online,C,11/29/2010,826262271,12/22/2010,8222,651.21,524.96,5354248.62,4316221.12,1038027.5
Europe,Russia,Fruits,Online,H,12/5/2011,838972508,1/7/2012,9464,9.33,6.92,88299.12,65490.88,22808.24
Europe,Georgia,Cosmetics,Online,L,11/1/2010,942168891,12/10/2010,7567,437.2,263.33,3308292.4,1992618.11,1315674.29
Asia,Bhutan,Snacks,Online,M,10/14/2014,837462747,10/28/2014,2692,152.58,97.44,410745.36,262308.48,148436.88
Sub-Saharan Africa,South Sudan,Fruits,Offline,L,1/19/2013,296777904,2/10/2013,2032,9.33,6.92,18958.56,14061.44,4897.12
Europe,Croatia,Clothes,Online,M,2/18/2011,512350690,3/30/2011,4810,109.28,35.84,525636.8,172390.4,353246.4
Asia,North Korea,Cosmetics,Offline,L,10/18/2011,946729934,11/17/2011,7281,437.2,263.33,3183253.2,1917305.73,1265947.47
Sub-Saharan Africa,Chad,Clothes,Online,H,4/19/2011,682776963,5/12/2011,7731,109.28,35.84,844843.68,277079.04,567764.64
Europe,Austria,Fruits,Online,L,10/4/2010,673665606,11/6/2010,1478,9.33,6.92,13789.74,10227.76,3561.98
Sub-Saharan Africa,Republic of the Congo,Household,Online,M,5/8/2012,592882192,6/17/2012,5871,668.27,502.54,3923413.17,2950412.34,973000.83
Europe,Andorra,Meat,Offline,H,7/15/2015,184225547,7/27/2015,5288,421.89,364.69,2230954.32,1928480.72,302473.6
Middle East and North Africa,Bahrain,Clothes,Offline,C,4/4/2013,611807000,5/4/2013,6142,109.28,35.84,671197.76,220129.28,451068.48
Australia and Oceania,Marshall Islands,Household,Online,C,11/22/2010,410050380,12/5/2010,1874,668.27,502.54,1252337.98,941759.96,310578.02
Asia,Mongolia,Fruits,Online,H,11/15/2014,433692014,12/29/2014,7959,9.33,6.92,74257.47,55076.28,19181.19
Europe,Norway,Office Supplies,Offline,L,10/10/2013,707780730,11/21/2013,6901,651.21,524.96,4494000.21,3622748.96,871251.25
Sub-Saharan Africa,Liberia,Baby Food,Offline,C,5/18/2012,877677857,7/1/2012,3237,255.28,159.42,826341.36,516042.54,310298.82
Middle East and North Africa,Saudi Arabia,Snacks,Online,L,9/28/2012,659057223,10/18/2012,8533,152.58,97.44,1301965.14,831455.52,470509.62
Sub-Saharan Africa,Mozambique,Household,Online,L,6/1/2010,287905156,6/7/2010,6388,668.27,502.54,4268908.76,3210225.52,1058683.24
Australia and Oceania,Papua New Guinea,Cereal,Online,L,5/18/2013,970520484,6/15/2013,7433,205.7,117.11,1528968.1,870478.63,658489.47
Australia and Oceania,Tuvalu,Household,Offline,M,7/11/2015,833514535,8/1/2015,4328,668.27,502.54,2892272.56,2174993.12,717279.44
Central America and the Caribbean,Dominica,Beverages,Offline,C,8/8/2015,773811137,8/19/2015,6766,47.45,31.79,321046.7,215091.14,105955.56
Europe,Finland,Cosmetics,Offline,L,6/1/2013,408646619,7/9/2013,6470,437.2,263.33,2828684,1703745.1,1124938.9
Middle East and North Africa,Syria,Snacks,Online,H,8/20/2013,325569808,9/17/2013,2196,152.58,97.44,335065.68,213978.24,121087.44
Middle East and North Africa,Iran,Baby Food,Offline,C,5/31/2014,732442033,6/21/2014,4729,255.28,159.42,1207219.12,753897.18,453321.94
Europe,Italy,Cereal,Online,H,3/8/2011,107437121,4/24/2011,1887,205.7,117.11,388155.9,220986.57,167169.33
Asia,Japan,Baby Food,Online,L,8/3/2015,149041402,9/18/2015,3518,255.28,159.42,898075.04,560839.56,337235.48
Sub-Saharan Africa,Burundi,Clothes,Offline,C,10/31/2013,826053702,12/20/2013,6502,109.28,35.84,710538.56,233031.68,477506.88
Sub-Saharan Africa,Eritrea,Vegetables,Online,L,11/27/2015,827585351,11/27/2015,9751,154.06,90.93,1502239.06,886658.43,615580.63
Asia,South Korea,Personal Care,Offline,H,12/4/2013,713060176,1/5/2014,9207,81.73,56.67,752488.11,521760.69,230727.42
Europe,Denmark,Vegetables,Offline,M,3/23/2016,662214505,4/29/2016,2843,154.06,90.93,437992.58,258513.99,179478.59
Sub-Saharan Africa,Burundi,Cosmetics,Online,H,4/7/2013,925097167,4/7/2013,5664,437.2,263.33,2476300.8,1491501.12,984799.68
Asia,Singapore,Clothes,Online,C,9/21/2011,472069489,10/9/2011,4707,109.28,35.84,514380.96,168698.88,345682.08
Australia and Oceania,Tuvalu,Household,Offline,M,7/19/2015,143805301,8/13/2015,4039,668.27,502.54,2699142.53,2029759.06,669383.47
Central America and the Caribbean,Honduras,Vegetables,Online,H,8/13/2014,401290929,9/1/2014,9758,154.06,90.93,1503317.48,887294.94,616022.54
Central America and the Caribbean,Trinidad and Tobago,Fruits,Offline,C,3/21/2011,875825202,4/28/2011,4995,9.33,6.92,46603.35,34565.4,12037.95
Sub-Saharan Africa,Benin,Meat,Offline,M,4/17/2016,819019448,5/17/2016,4910,421.89,364.69,2071479.9,1790627.9,280852
Central America and the Caribbean,Grenada,Personal Care,Online,M,5/3/2015,452797496,6/7/2015,1696,81.73,56.67,138614.08,96112.32,42501.76
Europe,Bosnia and Herzegovina,Office Supplies,Online,L,1/18/2010,519395673,1/19/2010,9577,651.21,524.96,6236638.17,5027541.92,1209096.25
Asia,Bhutan,Cosmetics,Online,H,7/23/2014,931362807,8/13/2014,9806,437.2,263.33,4287183.2,2582213.98,1704969.22
Sub-Saharan Africa,Niger,Snacks,Offline,M,10/8/2013,321560227,11/24/2013,5672,152.58,97.44,865433.76,552679.68,312754.08
Europe,Belgium,Office Supplies,Online,C,8/1/2012,993161761,8/19/2012,7490,651.21,524.96,4877562.9,3931950.4,945612.5
Sub-Saharan Africa,Mali,Personal Care,Online,C,12/17/2016,369653737,1/27/2017,7610,81.73,56.67,621965.3,431258.7,190706.6
Middle East and North Africa,Afghanistan,Fruits,Offline,C,1/1/2015,444834983,1/8/2015,5412,9.33,6.92,50493.96,37451.04,13042.92
Asia,Cambodia,Baby Food,Offline,L,1/5/2011,132816827,1/28/2011,2305,255.28,159.42,588420.4,367463.1,220957.3
Europe,Serbia,Meat,Offline,L,2/24/2014,218023097,3/29/2014,6734,421.89,364.69,2841007.26,2455822.46,385184.8
Europe,United Kingdom,Cosmetics,Online,M,12/4/2011,205190122,1/18/2012,9172,437.2,263.33,4009998.4,2415262.76,1594735.64
Europe,San Marino,Household,Offline,M,11/2/2011,569366729,11/5/2011,7122,668.27,502.54,4759418.94,3579089.88,1180329.06
Central America and the Caribbean,Haiti,Cereal,Online,L,11/18/2014,505914247,12/7/2014,123,205.7,117.11,25301.1,14404.53,10896.57
Central America and the Caribbean,Barbados,Baby Food,Online,M,10/4/2011,180506503,11/11/2011,4740,255.28,159.42,1210027.2,755650.8,454376.4
Sub-Saharan Africa,Sao Tome and Principe,Office Supplies,Offline,L,12/12/2016,279129827,1/2/2017,9573,651.21,524.96,6234033.33,5025442.08,1208591.25
Europe,Lithuania,Personal Care,Online,M,12/6/2011,658083045,12/24/2011,252,81.73,56.67,20595.96,14280.84,6315.12
Asia,Indonesia,Meat,Online,C,2/4/2017,793977487,3/17/2017,4437,421.89,364.69,1871925.93,1618129.53,253796.4
Australia and Oceania,Marshall Islands,Cosmetics,Offline,M,4/6/2012,233736979,5/16/2012,6821,437.2,263.33,2982141.2,1796173.93,1185967.27
Middle East and North Africa,Morocco,Office Supplies,Offline,C,3/5/2016,844597852,4/3/2016,4128,651.21,524.96,2688194.88,2167034.88,521160
Europe,Estonia,Fruits,Offline,C,7/26/2014,964108932,8/4/2014,112,9.33,6.92,1044.96,775.04,269.92
Sub-Saharan Africa,Cameroon,Fruits,Online,L,12/11/2016,350131547,1/28/2017,560,9.33,6.92,5224.8,3875.2,1349.6
Asia,India,Cosmetics,Online,M,12/17/2014,630839526,2/3/2015,8289,437.2,263.33,3623950.8,2182742.37,1441208.43
Asia,Brunei,Personal Care,Online,M,6/21/2016,354719197,7/16/2016,8148,81.73,56.67,665936.04,461747.16,204188.88
Sub-Saharan Africa,Burundi,Beverages,Offline,H,6/20/2011,840569388,7/25/2011,2016,47.45,31.79,95659.2,64088.64,31570.56
Australia and Oceania,Solomon Islands,Clothes,Online,H,9/20/2013,327501428,11/7/2013,3805,109.28,35.84,415810.4,136371.2,279439.2
Middle East and North Africa,Qatar,Vegetables,Online,C,7/26/2011,724939143,8/13/2011,4457,154.06,90.93,686645.42,405275.01,281370.41
Central America and the Caribbean,Saint Lucia,Beverages,Offline,C,2/13/2017,862618863,3/1/2017,6946,47.45,31.79,329587.7,220813.34,108774.36
Sub-Saharan Africa,Nigeria,Snacks,Offline,H,1/24/2017,540589416,1/26/2017,1276,152.58,97.44,194692.08,124333.44,70358.64
Europe,Croatia,Cereal,Online,H,4/14/2014,979212129,5/31/2014,9484,205.7,117.11,1950858.8,1110671.24,840187.56
Australia and Oceania,Federated States of Micronesia,Clothes,Online,H,7/7/2016,769160830,7/16/2016,637,109.28,35.84,69611.36,22830.08,46781.28
Europe,Vatican City,Clothes,Offline,M,6/2/2017,821421849,6/14/2017,5834,109.28,35.84,637539.52,209090.56,428448.96
Middle East and North Africa,Pakistan,Cereal,Online,C,7/5/2015,317294013,7/24/2015,3204,205.7,117.11,659062.8,375220.44,283842.36
Asia,Nepal,Meat,Offline,L,5/9/2010,758388650,5/12/2010,2909,421.89,364.69,1227278.01,1060883.21,166394.8
Central America and the Caribbean,El Salvador,Household,Online,C,12/14/2013,116629588,1/12/2014,2142,668.27,502.54,1431434.34,1076440.68,354993.66
Asia,Kyrgyzstan,Vegetables,Online,C,8/27/2016,484253156,9/16/2016,125,154.06,90.93,19257.5,11366.25,7891.25
Middle East and North Africa,Saudi Arabia,Cereal,Offline,M,8/27/2013,423808181,10/10/2013,3114,205.7,117.11,640549.8,364680.54,275869.26
Sub-Saharan Africa,Djibouti,Fruits,Offline,C,5/12/2016,818155992,6/8/2016,9394,9.33,6.92,87646.02,65006.48,22639.54
Central America and the Caribbean,Costa Rica,Office Supplies,Offline,L,9/28/2010,820470416,11/2/2010,4284,651.21,524.96,2789783.64,2248928.64,540855
Central America and the Caribbean,Trinidad and Tobago,Snacks,Offline,C,2/12/2014,104237782,4/1/2014,5131,152.58,97.44,782887.98,499964.64,282923.34
Europe,Armenia,Snacks,Offline,L,10/19/2010,213256919,11/22/2010,6316,152.58,97.44,963695.28,615431.04,348264.24
Central America and the Caribbean,Panama,Meat,Online,C,6/16/2016,511639153,7/9/2016,4250,421.89,364.69,1793032.5,1549932.5,243100
Europe,Austria,Cereal,Online,M,9/28/2013,433808314,11/3/2013,2375,205.7,117.11,488537.5,278136.25,210401.25
Sub-Saharan Africa,Republic of the Congo,Office Supplies,Online,C,9/1/2016,834500730,9/4/2016,6165,651.21,524.96,4014709.65,3236378.4,778331.25
Sub-Saharan Africa,Guinea,Household,Offline,C,10/20/2013,838765227,12/6/2013,8125,668.27,502.54,5429693.75,4083137.5,1346556.25
Middle East and North Africa,Lebanon,Personal Care,Online,L,7/2/2017,991963136,7/3/2017,2790,81.73,56.67,228026.7,158109.3,69917.4
Middle East and North Africa,Algeria,Beverages,Offline,L,9/4/2014,109768283,10/12/2014,1729,47.45,31.79,82041.05,54964.91,27076.14
Central America and the Caribbean,Saint Lucia,Office Supplies,Offline,H,1/11/2016,228166997,2/24/2016,8540,651.21,524.96,5561333.4,4483158.4,1078175
Asia,Sri Lanka,Snacks,Offline,L,5/20/2014,753458106,6/30/2014,3852,152.58,97.44,587738.16,375338.88,212399.28
Sub-Saharan Africa,Rwanda,Personal Care,Offline,C,3/18/2011,712252938,4/5/2011,327,81.73,56.67,26725.71,18531.09,8194.62
Central America and the Caribbean,Barbados,Cosmetics,Offline,C,10/30/2012,101475322,10/30/2012,7658,437.2,263.33,3348077.6,2016581.14,1331496.46
Sub-Saharan Africa,Senegal,Baby Food,Online,L,6/26/2011,338361585,7/23/2011,7567,255.28,159.42,1931703.76,1206331.14,725372.62
Sub-Saharan Africa,Central African Republic,Meat,Online,L,10/30/2011,210460555,11/23/2011,8810,421.89,364.69,3716850.9,3212918.9,503932
Australia and Oceania,Papua New Guinea,Clothes,Offline,H,1/9/2012,825633561,2/10/2012,2173,109.28,35.84,237465.44,77880.32,159585.12
Australia and Oceania,Kiribati,Cereal,Online,H,1/26/2015,662054431,2/26/2015,5473,205.7,117.11,1125796.1,640943.03,484853.07
Sub-Saharan Africa,Ethiopia,Office Supplies,Offline,M,6/21/2017,518209493,7/1/2017,8559,651.21,524.96,5573706.39,4493132.64,1080573.75
Australia and Oceania,Federated States of Micronesia,Beverages,Online,M,1/1/2013,362897574,1/4/2013,8312,47.45,31.79,394404.4,264238.48,130165.92
Australia and Oceania,Solomon Islands,Office Supplies,Online,C,8/26/2011,685230004,8/26/2011,3640,651.21,524.96,2370404.4,1910854.4,459550
Sub-Saharan Africa,Benin,Snacks,Online,M,2/9/2013,244630610,3/17/2013,489,152.58,97.44,74611.62,47648.16,26963.46
Sub-Saharan Africa,Cote d'Ivoire,Snacks,Online,M,7/25/2010,120835721,7/28/2010,6830,152.58,97.44,1042121.4,665515.2,376606.2
Middle East and North Africa,Yemen,Fruits,Offline,H,3/13/2017,563894164,4/19/2017,7669,9.33,6.92,71551.77,53069.48,18482.29
Europe,Armenia,Household,Online,L,12/17/2016,544167268,1/18/2017,42,668.27,502.54,28067.34,21106.68,6960.66
Middle East and North Africa,Egypt,Personal Care,Online,M,10/24/2013,902328860,11/18/2013,8016,81.73,56.67,655147.68,454266.72,200880.96
Middle East and North Africa,Libya,Meat,Offline,C,10/8/2012,299365270,10/21/2012,7691,421.89,364.69,3244755.99,2804830.79,439925.2
Asia,South Korea,Clothes,Offline,C,2/16/2016,166575324,3/20/2016,2195,109.28,35.84,239869.6,78668.8,161200.8
Europe,Austria,Clothes,Offline,M,2/6/2012,655570352,3/11/2012,6690,109.28,35.84,731083.2,239769.6,491313.6
Sub-Saharan Africa,Sao Tome and Principe,Household,Offline,M,6/21/2016,188274180,6/26/2016,3369,668.27,502.54,2251401.63,1693057.26,558344.37
Central America and the Caribbean,Dominica,Personal Care,Online,L,10/22/2015,406923139,12/8/2015,6454,81.73,56.67,527485.42,365748.18,161737.24
Sub-Saharan Africa,Cote d'Ivoire,Household,Offline,M,8/28/2016,324066054,10/16/2016,7202,668.27,502.54,4812880.54,3619293.08,1193587.46
Europe,Latvia,Beverages,Offline,C,7/1/2011,372564256,7/15/2011,8897,47.45,31.79,422162.65,282835.63,139327.02
Asia,Taiwan,Cosmetics,Offline,L,10/20/2012,155591571,11/23/2012,1858,437.2,263.33,812317.6,489267.14,323050.46
Europe,Andorra,Vegetables,Online,C,5/23/2011,696634328,6/4/2011,8433,154.06,90.93,1299187.98,766812.69,532375.29
Sub-Saharan Africa,Burundi,Cosmetics,Online,H,7/3/2010,389491355,8/15/2010,8002,437.2,263.33,3498474.4,2107166.66,1391307.74
Asia,Cambodia,Vegetables,Offline,M,6/13/2014,848273980,7/13/2014,1976,154.06,90.93,304422.56,179677.68,124744.88
Europe,Greece,Meat,Offline,L,3/29/2017,157406032,4/18/2017,8798,421.89,364.69,3711788.22,3208542.62,503245.6
Sub-Saharan Africa,Burundi,Baby Food,Offline,L,12/15/2013,521623837,1/2/2014,8940,255.28,159.42,2282203.2,1425214.8,856988.4
Europe,Denmark,Personal Care,Offline,H,2/6/2012,615976226,2/28/2012,9908,81.73,56.67,809780.84,561486.36,248294.48
Central America and the Caribbean,The Bahamas,Vegetables,Offline,C,8/31/2012,535824525,10/11/2012,1239,154.06,90.93,190880.34,112662.27,78218.07
Asia,Bhutan,Household,Online,C,12/5/2013,446842563,12/25/2013,9499,668.27,502.54,6347896.73,4773627.46,1574269.27
Middle East and North Africa,Libya,Snacks,Offline,C,3/23/2015,135016667,4/14/2015,3287,152.58,97.44,501530.46,320285.28,181245.18
Asia,Malaysia,Beverages,Online,H,3/2/2013,356645667,4/17/2013,8233,47.45,31.79,390655.85,261727.07,128928.78
Europe,Malta,Baby Food,Offline,H,1/6/2013,588340890,1/7/2013,1998,255.28,159.42,510049.44,318521.16,191528.28
Europe,Poland,Cereal,Offline,M,4/21/2017,377026164,6/3/2017,9275,205.7,117.11,1907867.5,1086195.25,821672.25
Middle East and North Africa,United Arab Emirates,Beverages,Online,M,6/25/2014,689937818,7/26/2014,6787,47.45,31.79,322043.15,215758.73,106284.42
Europe,Cyprus,Personal Care,Offline,H,12/29/2012,764624679,1/17/2013,8289,81.73,56.67,677459.97,469737.63,207722.34
Asia,Cambodia,Personal Care,Online,L,10/16/2014,358948075,11/8/2014,9567,81.73,56.67,781910.91,542161.89,239749.02
Asia,Singapore,Clothes,Online,C,7/6/2011,201081836,8/21/2011,3439,109.28,35.84,375813.92,123253.76,252560.16
Middle East and North Africa,Syria,Personal Care,Online,L,1/7/2011,639512288,1/10/2011,4752,81.73,56.67,388380.96,269295.84,119085.12
Europe,Serbia,Household,Online,M,11/15/2010,293038260,11/17/2010,5388,668.27,502.54,3600638.76,2707685.52,892953.24
Sub-Saharan Africa,Ethiopia,Vegetables,Online,H,4/10/2017,100771081,4/21/2017,9257,154.06,90.93,1426133.42,841739.01,584394.41
Europe,Iceland,Cereal,Offline,L,12/27/2010,172134578,2/2/2011,7302,205.7,117.11,1502021.4,855137.22,646884.18
Central America and the Caribbean,Costa Rica,Baby Food,Offline,M,9/13/2011,236865079,10/31/2011,2495,255.28,159.42,636923.6,397752.9,239170.7
Australia and Oceania,New Zealand,Meat,Offline,C,8/29/2013,995011413,9/1/2013,4843,421.89,364.69,2043213.27,1766193.67,277019.6
Asia,China,Meat,Offline,L,3/9/2012,966934907,4/3/2012,6381,421.89,364.69,2692080.09,2327086.89,364993.2
Sub-Saharan Africa,Angola,Fruits,Offline,M,1/7/2015,543309390,1/30/2015,6177,9.33,6.92,57631.41,42744.84,14886.57
Central America and the Caribbean,Saint Vincent and the Grenadines,Meat,Offline,C,10/24/2015,635121190,11/13/2015,5329,421.89,364.69,2248251.81,1943433.01,304818.8
Middle East and North Africa,Azerbaijan,Fruits,Offline,M,1/29/2013,423669135,2/26/2013,1967,9.33,6.92,18352.11,13611.64,4740.47
Middle East and North Africa,Tunisia ,Fruits,Online,M,12/19/2013,510564553,1/9/2014,6252,9.33,6.92,58331.16,43263.84,15067.32
Europe,Iceland,Office Supplies,Online,L,4/29/2015,667731273,5/12/2015,5377,651.21,524.96,3501556.17,2822709.92,678846.25
Sub-Saharan Africa,South Africa,Cereal,Offline,C,1/29/2015,287405622,2/28/2015,8565,205.7,117.11,1761820.5,1003047.15,758773.35
Europe,Serbia,Cosmetics,Offline,M,12/28/2015,632136428,2/2/2016,2071,437.2,263.33,905441.2,545356.43,360084.77
Sub-Saharan Africa,Namibia,Snacks,Offline,H,4/29/2014,784785020,5/7/2014,4182,152.58,97.44,638089.56,407494.08,230595.48
Sub-Saharan Africa,Zimbabwe,Snacks,Offline,H,3/13/2011,798525226,3/28/2011,214,152.58,97.44,32652.12,20852.16,11799.96
Sub-Saharan Africa,Angola,Cosmetics,Offline,M,5/9/2016,346843373,6/12/2016,7517,437.2,263.33,3286432.4,1979451.61,1306980.79
Europe,France,Office Supplies,Online,L,2/9/2014,973538291,3/15/2014,469,651.21,524.96,305417.49,246206.24,59211.25
Middle East and North Africa,Egypt,Meat,Online,H,7/22/2012,242721307,9/5/2012,5483,421.89,364.69,2313222.87,1999595.27,313627.6
Sub-Saharan Africa,Central African Republic,Household,Online,C,1/25/2017,288816249,3/2/2017,6001,668.27,502.54,4010288.27,3015742.54,994545.73
Europe,Lithuania,Beverages,Online,C,5/13/2011,166559445,6/23/2011,7496,47.45,31.79,355685.2,238297.84,117387.36
Middle East and North Africa,Algeria,Cosmetics,Online,H,4/21/2014,800999724,5/21/2014,2473,437.2,263.33,1081195.6,651215.09,429980.51
Sub-Saharan Africa,Burkina Faso,Vegetables,Offline,M,7/11/2015,937498414,8/17/2015,5469,154.06,90.93,842554.14,497296.17,345257.97
Asia,Turkmenistan,Fruits,Offline,H,1/31/2017,291729342,3/6/2017,8050,9.33,6.92,75106.5,55706,19400.5
North America,Canada,Office Supplies,Offline,C,7/16/2014,899678838,7/23/2014,3816,651.21,524.96,2485017.36,2003247.36,481770
Europe,Bosnia and Herzegovina,Snacks,Online,H,11/10/2015,367645728,12/12/2015,3396,152.58,97.44,518161.68,330906.24,187255.44
Sub-Saharan Africa,Ghana,Household,Offline,C,12/11/2014,422241342,1/23/2015,9451,668.27,502.54,6315819.77,4749505.54,1566314.23
Central America and the Caribbean,Guatemala,Household,Offline,M,7/15/2010,160389506,8/1/2010,1674,668.27,502.54,1118683.98,841251.96,277432.02
Europe,Moldova ,Cereal,Offline,L,1/9/2010,999326550,2/21/2010,1788,205.7,117.11,367791.6,209392.68,158398.92
Middle East and North Africa,Morocco,Office Supplies,Offline,M,6/30/2010,826601302,8/17/2010,8549,651.21,524.96,5567194.29,4487883.04,1079311.25
Sub-Saharan Africa,Namibia,Household,Offline,L,2/7/2010,750075089,2/28/2010,2742,668.27,502.54,1832396.34,1377964.68,454431.66
North America,United States of America,Fruits,Online,M,11/10/2011,147921741,12/23/2011,2185,9.33,6.92,20386.05,15120.2,5265.85
Europe,Ukraine,Cereal,Offline,M,4/3/2012,718627583,4/6/2012,6726,205.7,117.11,1383538.2,787681.86,595856.34
Europe,Armenia,Fruits,Online,H,8/23/2012,630991446,9/27/2012,3246,9.33,6.92,30285.18,22462.32,7822.86
Europe,Armenia,Household,Online,L,6/11/2015,374124658,7/10/2015,655,668.27,502.54,437716.85,329163.7,108553.15
Europe,France,Cosmetics,Online,L,10/7/2012,507451045,10/26/2012,4896,437.2,263.33,2140531.2,1289263.68,851267.52
Middle East and North Africa,Israel,Personal Care,Online,C,12/13/2012,310706937,1/31/2013,3942,81.73,56.67,322179.66,223393.14,98786.52
Sub-Saharan Africa,Zimbabwe,Personal Care,Online,M,1/11/2014,933941161,1/12/2014,2799,81.73,56.67,228762.27,158619.33,70142.94
Europe,Vatican City,Household,Online,C,2/7/2015,447515046,3/4/2015,8502,668.27,502.54,5681631.54,4272595.08,1409036.46
Europe,Luxembourg,Household,Offline,M,7/21/2012,592102420,7/24/2012,5119,668.27,502.54,3420874.13,2572502.26,848371.87
Sub-Saharan Africa,Senegal,Clothes,Offline,H,5/27/2011,928689610,7/1/2011,8748,109.28,35.84,955981.44,313528.32,642453.12
Europe,United Kingdom,Meat,Offline,C,12/8/2013,188575446,12/13/2013,2520,421.89,364.69,1063162.8,919018.8,144144
Australia and Oceania,Samoa ,Cosmetics,Offline,L,12/13/2015,323371255,12/29/2015,1595,437.2,263.33,697334,420011.35,277322.65
Middle East and North Africa,Azerbaijan,Beverages,Online,C,7/5/2010,655000865,7/8/2010,8166,47.45,31.79,387476.7,259597.14,127879.56
Australia and Oceania,East Timor,Beverages,Online,H,6/19/2014,125700604,7/9/2014,6457,47.45,31.79,306384.65,205268.03,101116.62
Europe,Switzerland,Office Supplies,Online,H,8/28/2011,448019301,9/1/2011,7722,651.21,524.96,5028643.62,4053741.12,974902.5
Asia,China,Cereal,Online,L,4/9/2017,254818284,4/19/2017,5248,205.7,117.11,1079513.6,614593.28,464920.32
Australia and Oceania,Tuvalu,Cosmetics,Offline,L,6/30/2013,949271380,7/28/2013,9351,437.2,263.33,4088257.2,2462398.83,1625858.37
Sub-Saharan Africa,Mali,Fruits,Online,M,11/12/2013,854864919,11/25/2013,2381,9.33,6.92,22214.73,16476.52,5738.21
Europe,Andorra,Vegetables,Offline,C,1/18/2014,165397727,1/24/2014,3718,154.06,90.93,572795.08,338077.74,234717.34
Asia,Myanmar,Beverages,Online,M,10/14/2010,494981133,10/30/2010,4772,47.45,31.79,226431.4,151701.88,74729.52
Europe,Bosnia and Herzegovina,Household,Offline,C,3/25/2013,828038966,4/29/2013,3986,668.27,502.54,2663724.22,2003124.44,660599.78
Sub-Saharan Africa,Uganda,Baby Food,Offline,M,6/17/2016,669307553,7/7/2016,1833,255.28,159.42,467928.24,292216.86,175711.38
Middle East and North Africa,Syria,Household,Offline,H,11/2/2012,493835723,11/21/2012,5819,668.27,502.54,3888663.13,2924280.26,964382.87
Central America and the Caribbean,Belize,Household,Offline,M,12/5/2010,396984803,1/14/2011,5480,668.27,502.54,3662119.6,2753919.2,908200.4
Europe,Ukraine,Personal Care,Online,C,7/28/2016,544428622,8/27/2016,7383,81.73,56.67,603412.59,418394.61,185017.98
Central America and the Caribbean,Jamaica,Office Supplies,Offline,M,12/21/2013,722153508,12/21/2013,126,651.21,524.96,82052.46,66144.96,15907.5
Sub-Saharan Africa,Malawi,Office Supplies,Offline,H,11/18/2014,786458289,11/18/2014,9339,651.21,524.96,6081650.19,4902601.44,1179048.75
Sub-Saharan Africa,South Africa,Household,Offline,C,12/26/2016,213954293,2/5/2017,2685,668.27,502.54,1794304.95,1349319.9,444985.05
Asia,India,Cereal,Offline,L,3/31/2015,351565349,4/23/2015,4854,205.7,117.11,998467.8,568451.94,430015.86
Europe,Hungary,Personal Care,Online,M,4/4/2013,366527783,4/15/2013,2571,81.73,56.67,210127.83,145698.57,64429.26
Europe,Hungary,Cereal,Online,L,11/25/2011,396390426,12/2/2011,9590,205.7,117.11,1972663,1123084.9,849578.1
Europe,Lithuania,Cereal,Offline,C,2/9/2013,199014604,3/7/2013,1699,205.7,117.11,349484.3,198969.89,150514.41
Middle East and North Africa,Tunisia ,Personal Care,Online,L,2/10/2016,502574145,3/3/2016,1713,81.73,56.67,140003.49,97075.71,42927.78
North America,United States of America,Snacks,Offline,M,8/11/2013,755555379,8/22/2013,4482,152.58,97.44,683863.56,436726.08,247137.48
Europe,Finland,Personal Care,Online,C,10/1/2010,476757133,11/19/2010,1885,81.73,56.67,154061.05,106822.95,47238.1
Central America and the Caribbean,Cuba,Cosmetics,Offline,M,9/23/2013,605290734,9/27/2013,7834,437.2,263.33,3425024.8,2062927.22,1362097.58
Central America and the Caribbean,Cuba,Cereal,Offline,L,11/18/2010,350580012,12/21/2010,3271,205.7,117.11,672844.7,383066.81,289777.89
Central America and the Caribbean,Barbados,Vegetables,Offline,M,4/28/2014,342361295,5/4/2014,1170,154.06,90.93,180250.2,106388.1,73862.1
Asia,Uzbekistan,Office Supplies,Offline,L,9/24/2010,380683410,10/26/2010,1535,651.21,524.96,999607.35,805813.6,193793.75
Sub-Saharan Africa,Madagascar,Cosmetics,Offline,M,7/26/2010,785907685,8/27/2010,6404,437.2,263.33,2799828.8,1686365.32,1113463.48
Europe,Monaco,Beverages,Offline,M,12/30/2013,148707950,1/14/2014,4842,47.45,31.79,229752.9,153927.18,75825.72
Sub-Saharan Africa,Namibia,Vegetables,Offline,L,9/5/2014,280070531,9/11/2014,7949,154.06,90.93,1224622.94,722802.57,501820.37
Middle East and North Africa,Algeria,Personal Care,Offline,M,2/15/2011,361294257,3/2/2011,3854,81.73,56.67,314987.42,218406.18,96581.24
Europe,Portugal,Fruits,Online,H,6/24/2010,993990457,7/11/2010,2720,9.33,6.92,25377.6,18822.4,6555.2
Middle East and North Africa,Morocco,Fruits,Offline,L,3/4/2017,150082957,3/30/2017,1737,9.33,6.92,16206.21,12020.04,4186.17
Sub-Saharan Africa,Ethiopia,Cereal,Offline,C,12/21/2013,821808087,1/7/2014,130,205.7,117.11,26741,15224.3,11516.7
Sub-Saharan Africa,Madagascar,Office Supplies,Offline,L,3/23/2011,671714675,3/28/2011,4154,651.21,524.96,2705126.34,2180683.84,524442.5
Australia and Oceania,Tonga,Household,Online,L,10/5/2012,582664048,10/24/2012,2095,668.27,502.54,1400025.65,1052821.3,347204.35
Europe,Czech Republic,Vegetables,Offline,C,2/16/2012,607830035,3/10/2012,9270,154.06,90.93,1428136.2,842921.1,585215.1
Sub-Saharan Africa,Cote d'Ivoire,Clothes,Offline,M,6/30/2011,420698964,8/18/2011,3027,109.28,35.84,330790.56,108487.68,222302.88
Europe,San Marino,Cereal,Offline,C,4/28/2010,665069663,5/9/2010,7747,205.7,117.11,1593557.9,907251.17,686306.73
Sub-Saharan Africa,Guinea,Personal Care,Offline,L,9/14/2016,705053460,10/28/2016,9842,81.73,56.67,804386.66,557746.14,246640.52
Middle East and North Africa,Iran,Office Supplies,Online,C,4/17/2013,875074183,5/2/2013,2752,651.21,524.96,1792129.92,1444689.92,347440
Middle East and North Africa,Bahrain,Meat,Online,H,2/7/2014,229868161,2/14/2014,1952,421.89,364.69,823529.28,711874.88,111654.4
Central America and the Caribbean,El Salvador,Snacks,Online,C,4/12/2015,594484221,5/23/2015,9947,152.58,97.44,1517713.26,969235.68,548477.58
Middle East and North Africa,Oman,Fruits,Offline,L,1/8/2014,714283692,1/8/2014,1272,9.33,6.92,11867.76,8802.24,3065.52
Middle East and North Africa,Egypt,Household,Offline,L,5/24/2012,304940402,6/1/2012,7496,668.27,502.54,5009351.92,3767039.84,1242312.08
Europe,San Marino,Household,Online,H,7/10/2013,502440679,7/10/2013,2217,668.27,502.54,1481554.59,1114131.18,367423.41
Central America and the Caribbean,Belize,Beverages,Offline,C,3/27/2010,713083350,3/27/2010,6064,47.45,31.79,287736.8,192774.56,94962.24
Sub-Saharan Africa,Ethiopia,Beverages,Offline,H,7/30/2011,863479745,9/14/2011,1700,47.45,31.79,80665,54043,26622
Sub-Saharan Africa,Republic of the Congo,Vegetables,Offline,M,4/15/2016,950553691,4/27/2016,8815,154.06,90.93,1358038.9,801547.95,556490.95
Asia,Malaysia,Vegetables,Online,H,8/11/2016,591541516,9/18/2016,9135,154.06,90.93,1407338.1,830645.55,576692.55
Sub-Saharan Africa,Liberia,Meat,Online,L,3/17/2017,373992049,5/6/2017,1413,421.89,364.69,596130.57,515306.97,80823.6
Sub-Saharan Africa,Gabon,Snacks,Offline,M,3/25/2016,505766618,5/3/2016,6436,152.58,97.44,982004.88,627123.84,354881.04
Middle East and North Africa,Oman,Personal Care,Online,C,9/9/2016,365039050,10/12/2016,2022,81.73,56.67,165258.06,114586.74,50671.32
Europe,Finland,Beverages,Online,L,2/1/2015,750295674,2/26/2015,8018,47.45,31.79,380454.1,254892.22,125561.88
Sub-Saharan Africa,Botswana,Clothes,Online,H,10/5/2012,730335319,11/19/2012,1305,109.28,35.84,142610.4,46771.2,95839.2
Central America and the Caribbean,Saint Lucia,Cereal,Online,M,2/19/2012,794269311,3/26/2012,794,205.7,117.11,163325.8,92985.34,70340.46
Asia,Mongolia,Clothes,Online,M,11/24/2012,601521480,12/24/2012,2428,109.28,35.84,265331.84,87019.52,178312.32
Sub-Saharan Africa,Comoros,Office Supplies,Online,M,10/23/2015,331828153,11/13/2015,4179,651.21,524.96,2721406.59,2193807.84,527598.75
Central America and the Caribbean,Jamaica,Baby Food,Offline,C,5/3/2011,235238158,6/17/2011,1053,255.28,159.42,268809.84,167869.26,100940.58
Sub-Saharan Africa,Niger,Baby Food,Online,M,9/19/2013,182112824,11/4/2013,87,255.28,159.42,22209.36,13869.54,8339.82
Sub-Saharan Africa,Democratic Republic of the Congo,Beverages,Online,C,10/8/2011,113125979,10/17/2011,5346,47.45,31.79,253667.7,169949.34,83718.36
Central America and the Caribbean,Belize,Fruits,Online,L,7/3/2010,489263951,8/7/2010,2931,9.33,6.92,27346.23,20282.52,7063.71
Asia,North Korea,Office Supplies,Offline,M,3/20/2012,941825568,3/26/2012,5970,651.21,524.96,3887723.7,3134011.2,753712.5
Sub-Saharan Africa,Democratic Republic of the Congo,Household,Offline,H,9/13/2012,722422158,10/9/2012,9625,668.27,502.54,6432098.75,4836947.5,1595151.25
North America,Canada,Office Supplies,Offline,M,8/4/2012,952977550,9/4/2012,6089,651.21,524.96,3965217.69,3196481.44,768736.25
Europe,Denmark,Meat,Offline,H,8/6/2013,575728070,8/28/2013,9585,421.89,364.69,4043815.65,3495553.65,548262
Europe,Georgia,Fruits,Offline,H,9/13/2014,403222548,10/22/2014,1367,9.33,6.92,12754.11,9459.64,3294.47
Sub-Saharan Africa,Comoros,Meat,Offline,C,12/12/2015,868322312,1/16/2016,4723,421.89,364.69,1992586.47,1722430.87,270155.6
Australia and Oceania,East Timor,Vegetables,Online,C,8/30/2014,674201190,8/30/2014,9969,154.06,90.93,1535824.14,906481.17,629342.97
Europe,Lithuania,Office Supplies,Offline,C,10/24/2016,844345510,12/4/2016,9454,651.21,524.96,6156539.34,4962971.84,1193567.5
Australia and Oceania,Kiribati,Household,Offline,C,7/1/2010,672554099,8/19/2010,2558,668.27,502.54,1709434.66,1285497.32,423937.34
Middle East and North Africa,Morocco,Personal Care,Offline,M,3/3/2015,872938287,4/1/2015,693,81.73,56.67,56638.89,39272.31,17366.58
Europe,Bulgaria,Baby Food,Offline,L,4/7/2017,429921901,5/4/2017,2299,255.28,159.42,586888.72,366506.58,220382.14
Middle East and North Africa,Jordan,Fruits,Offline,M,11/13/2011,648241269,11/13/2011,7852,9.33,6.92,73259.16,54335.84,18923.32
Middle East and North Africa,Oman,Beverages,Offline,L,1/18/2014,202945220,3/4/2014,4855,47.45,31.79,230369.75,154340.45,76029.3
Central America and the Caribbean,Saint Kitts and Nevis ,Fruits,Online,H,3/26/2017,989395081,4/13/2017,2846,9.33,6.92,26553.18,19694.32,6858.86
Asia,Myanmar,Personal Care,Online,H,2/13/2012,473264682,3/3/2012,8391,81.73,56.67,685796.43,475517.97,210278.46
Asia,Philippines,Cosmetics,Online,H,3/11/2013,240540349,3/18/2013,89,437.2,263.33,38910.8,23436.37,15474.43
Central America and the Caribbean,El Salvador,Cosmetics,Online,M,1/25/2017,147520911,2/27/2017,3571,437.2,263.33,1561241.2,940351.43,620889.77
Europe,Italy,Meat,Offline,L,11/8/2013,570817697,11/16/2013,6496,421.89,364.69,2740597.44,2369026.24,371571.2
Sub-Saharan Africa,Benin,Vegetables,Offline,C,8/29/2013,157354533,10/1/2013,3558,154.06,90.93,548145.48,323528.94,224616.54
North America,Greenland,Office Supplies,Offline,M,7/4/2012,774367749,7/24/2012,1480,651.21,524.96,963790.8,776940.8,186850
Europe,San Marino,Clothes,Online,M,4/11/2011,759406173,5/4/2011,4017,109.28,35.84,438977.76,143969.28,295008.48
Sub-Saharan Africa,Seychelles ,Snacks,Offline,H,11/25/2011,770331132,12/2/2011,6955,152.58,97.44,1061193.9,677695.2,383498.7
Europe,Poland,Meat,Online,C,8/10/2013,635316455,9/5/2013,3112,421.89,364.69,1312921.68,1134915.28,178006.4
Sub-Saharan Africa,Zambia,Fruits,Online,M,9/4/2016,702848470,10/21/2016,7336,9.33,6.92,68444.88,50765.12,17679.76
Europe,Albania,Clothes,Online,L,2/7/2011,491726005,3/2/2011,1507,109.28,35.84,164684.96,54010.88,110674.08
Europe,San Marino,Fruits,Offline,C,8/28/2010,941060388,9/22/2010,9536,9.33,6.92,88970.88,65989.12,22981.76
Sub-Saharan Africa,Sao Tome and Principe,Fruits,Online,H,4/1/2011,360275447,4/9/2011,2366,9.33,6.92,22074.78,16372.72,5702.06
Central America and the Caribbean,Honduras,Snacks,Online,L,6/1/2017,279107511,7/15/2017,2970,152.58,97.44,453162.6,289396.8,163765.8
Europe,Ireland,Meat,Offline,C,11/5/2015,497605407,12/15/2015,1353,421.89,364.69,570817.17,493425.57,77391.6
Central America and the Caribbean,Panama,Baby Food,Online,L,12/27/2016,436130464,1/13/2017,9551,255.28,159.42,2438179.28,1522620.42,915558.86
Europe,Albania,Clothes,Online,M,6/12/2013,485356509,7/18/2013,6632,109.28,35.84,724744.96,237690.88,487054.08
Asia,Malaysia,Office Supplies,Offline,L,1/7/2014,656269872,1/27/2014,3694,651.21,524.96,2405569.74,1939202.24,466367.5
Middle East and North Africa,Morocco,Cereal,Online,M,3/20/2017,130169379,4/19/2017,8867,205.7,117.11,1823941.9,1038414.37,785527.53
Sub-Saharan Africa,Eritrea,Office Supplies,Offline,M,1/15/2015,408666360,2/26/2015,2312,651.21,524.96,1505597.52,1213707.52,291890
Asia,Taiwan,Vegetables,Online,H,12/2/2011,363684642,12/19/2011,1222,154.06,90.93,188261.32,111116.46,77144.86
Sub-Saharan Africa,Burundi,Fruits,Online,M,5/5/2013,287460553,6/7/2013,4821,9.33,6.92,44979.93,33361.32,11618.61
Middle East and North Africa,Egypt,Beverages,Online,M,7/4/2014,542542922,7/7/2014,9362,47.45,31.79,444226.9,297617.98,146608.92
Middle East and North Africa,Lebanon,Household,Online,M,9/3/2011,211793076,9/10/2011,3133,668.27,502.54,2093689.91,1574457.82,519232.09
Sub-Saharan Africa,Madagascar,Cereal,Offline,C,7/12/2013,248384845,7/22/2013,1450,205.7,117.11,298265,169809.5,128455.5
Sub-Saharan Africa,Sao Tome and Principe,Office Supplies,Offline,L,9/5/2014,325804555,10/16/2014,1663,651.21,524.96,1082962.23,873008.48,209953.75
Sub-Saharan Africa,Benin,Baby Food,Online,M,7/30/2014,187851035,8/17/2014,8151,255.28,159.42,2080787.28,1299432.42,781354.86
Europe,Moldova ,Beverages,Offline,L,10/1/2013,998635613,10/23/2013,7325,47.45,31.79,347571.25,232861.75,114709.5
Sub-Saharan Africa,Comoros,Office Supplies,Online,H,7/26/2017,392582118,8/17/2017,2628,651.21,524.96,1711379.88,1379594.88,331785
Australia and Oceania,Tonga,Vegetables,Offline,L,4/26/2017,124426877,4/27/2017,9533,154.06,90.93,1468653.98,866835.69,601818.29
Asia,Singapore,Clothes,Offline,C,9/21/2016,219218719,10/21/2016,545,109.28,35.84,59557.6,19532.8,40024.8
Sub-Saharan Africa,Mozambique,Office Supplies,Online,C,12/27/2012,322318971,2/8/2013,201,651.21,524.96,130893.21,105516.96,25376.25
Europe,Albania,Vegetables,Offline,L,10/1/2015,149401462,10/12/2015,67,154.06,90.93,10322.02,6092.31,4229.71
Europe,Slovakia,Baby Food,Offline,M,12/24/2012,836452519,1/14/2013,3743,255.28,159.42,955513.04,596709.06,358803.98
Sub-Saharan Africa,Swaziland,Fruits,Offline,C,8/28/2012,889770972,10/15/2012,1858,9.33,6.92,17335.14,12857.36,4477.78
Sub-Saharan Africa,Liberia,Office Supplies,Online,L,4/3/2016,235968148,4/30/2016,7074,651.21,524.96,4606659.54,3713567.04,893092.5
Sub-Saharan Africa,Sudan,Cosmetics,Offline,M,12/9/2014,671967875,1/13/2015,9082,437.2,263.33,3970650.4,2391563.06,1579087.34
Sub-Saharan Africa,Guinea,Snacks,Offline,C,2/5/2016,915006482,2/15/2016,9606,152.58,97.44,1465683.48,936008.64,529674.84
Europe,Moldova ,Clothes,Offline,C,10/26/2016,652632796,11/25/2016,7402,109.28,35.84,808890.56,265287.68,543602.88
Sub-Saharan Africa,Equatorial Guinea,Cereal,Offline,M,4/6/2015,992708146,5/10/2015,3255,205.7,117.11,669553.5,381193.05,288360.45
Australia and Oceania,Nauru,Cosmetics,Offline,C,6/5/2014,413406360,6/6/2014,4983,437.2,263.33,2178567.6,1312173.39,866394.21
Middle East and North Africa,Saudi Arabia,Beverages,Online,H,10/25/2010,613213765,11/19/2010,2435,47.45,31.79,115540.75,77408.65,38132.1
Asia,Turkmenistan,Meat,Online,L,5/8/2013,660929191,6/10/2013,2490,421.89,364.69,1050506.1,908078.1,142428
Asia,Malaysia,Household,Online,L,11/14/2016,145663964,12/4/2016,4059,668.27,502.54,2712507.93,2039809.86,672698.07
Sub-Saharan Africa,Swaziland,Meat,Online,L,7/2/2013,526841914,7/21/2013,3085,421.89,364.69,1301530.65,1125068.65,176462
Europe,Belarus,Personal Care,Offline,M,7/28/2011,184199368,8/20/2011,7541,81.73,56.67,616325.93,427348.47,188977.46
Europe,Latvia,Household,Offline,L,9/7/2016,267785155,9/23/2016,2433,668.27,502.54,1625900.91,1222679.82,403221.09
Middle East and North Africa,Lebanon,Office Supplies,Offline,H,10/21/2012,647960603,12/5/2012,4796,651.21,524.96,3123203.16,2517708.16,605495
Asia,Myanmar,Vegetables,Offline,L,6/16/2011,365399539,7/30/2011,8698,154.06,90.93,1340013.88,790909.14,549104.74
Europe,Finland,Beverages,Online,M,1/29/2010,781088292,2/10/2010,238,47.45,31.79,11293.1,7566.02,3727.08
Central America and the Caribbean,Saint Kitts and Nevis ,Personal Care,Offline,M,12/21/2010,626325690,1/26/2011,2545,81.73,56.67,208002.85,144225.15,63777.7
Europe,Vatican City,Meat,Offline,H,7/1/2017,952723062,7/15/2017,780,421.89,364.69,329074.2,284458.2,44616
Australia and Oceania,Papua New Guinea,Baby Food,Offline,M,2/24/2015,182204234,4/1/2015,7137,255.28,159.42,1821933.36,1137780.54,684152.82
Sub-Saharan Africa,Malawi,Fruits,Online,H,3/15/2013,857005536,3/16/2013,5838,9.33,6.92,54468.54,40398.96,14069.58
Middle East and North Africa,Turkey,Vegetables,Offline,M,8/23/2010,189675796,8/23/2010,8138,154.06,90.93,1253740.28,739988.34,513751.94
Europe,Portugal,Cereal,Online,M,2/3/2015,413076341,3/12/2015,7324,205.7,117.11,1506546.8,857713.64,648833.16
Australia and Oceania,East Timor,Household,Online,L,4/20/2016,230381000,4/21/2016,3712,668.27,502.54,2480618.24,1865428.48,615189.76
Asia,Kyrgyzstan,Clothes,Offline,C,8/29/2012,665076100,10/16/2012,9652,109.28,35.84,1054770.56,345927.68,708842.88
Sub-Saharan Africa,Angola,Cosmetics,Online,C,12/28/2014,110960471,1/16/2015,4524,437.2,263.33,1977892.8,1191304.92,786587.88
Europe,Lithuania,Meat,Online,H,6/13/2012,182145440,7/4/2012,9738,421.89,364.69,4108364.82,3551351.22,557013.6
Europe,Ireland,Personal Care,Online,M,3/14/2014,763054835,5/2/2014,3737,81.73,56.67,305425.01,211775.79,93649.22
North America,Mexico,Household,Offline,L,4/26/2015,458424985,5/4/2015,6995,668.27,502.54,4674548.65,3515267.3,1159281.35
Middle East and North Africa,Turkey,Vegetables,Online,H,9/25/2015,643304717,11/12/2015,7016,154.06,90.93,1080884.96,637964.88,442920.08
Sub-Saharan Africa,Guinea,Beverages,Offline,H,6/9/2016,513055360,7/3/2016,3337,47.45,31.79,158340.65,106083.23,52257.42
Sub-Saharan Africa,Democratic Republic of the Congo,Snacks,Online,C,9/17/2015,233350741,10/22/2015,2525,152.58,97.44,385264.5,246036,139228.5
Central America and the Caribbean,Saint Kitts and Nevis ,Cosmetics,Offline,H,11/19/2012,490177190,1/1/2013,3178,437.2,263.33,1389421.6,836862.74,552558.86
Europe,Norway,Cereal,Offline,H,2/26/2012,239833533,4/11/2012,927,205.7,117.11,190683.9,108560.97,82122.93
Australia and Oceania,New Zealand,Personal Care,Offline,C,3/14/2011,758931100,3/17/2011,3432,81.73,56.67,280497.36,194491.44,86005.92
Europe,Hungary,Snacks,Offline,C,7/19/2012,694393718,8/7/2012,5387,152.58,97.44,821948.46,524909.28,297039.18
Sub-Saharan Africa,Guinea,Meat,Offline,C,3/25/2012,113457715,4/1/2012,3514,421.89,364.69,1482521.46,1281520.66,201000.8
Central America and the Caribbean,Saint Vincent and the Grenadines,Personal Care,Offline,M,2/15/2011,953671920,3/5/2011,1569,81.73,56.67,128234.37,88915.23,39319.14
Europe,Iceland,Household,Offline,H,3/2/2011,272897660,3/19/2011,5337,668.27,502.54,3566556.99,2682055.98,884501.01
Sub-Saharan Africa,Democratic Republic of the Congo,Household,Offline,M,7/31/2011,599308764,8/9/2011,7636,668.27,502.54,5102909.72,3837395.44,1265514.28
Europe,Denmark,Beverages,Online,L,8/23/2012,481391561,9/1/2012,3315,47.45,31.79,157296.75,105383.85,51912.9
Middle East and North Africa,Turkey,Cereal,Online,L,12/6/2011,337944877,12/31/2011,4254,205.7,117.11,875047.8,498185.94,376861.86
Europe,Monaco,Office Supplies,Offline,C,8/19/2015,208080041,9/11/2015,4363,651.21,524.96,2841229.23,2290400.48,550828.75
Middle East and North Africa,Israel,Personal Care,Online,C,2/2/2012,201220881,2/13/2012,4585,81.73,56.67,374732.05,259831.95,114900.1
Sub-Saharan Africa,Djibouti,Personal Care,Offline,M,5/31/2013,947103726,6/8/2013,7894,81.73,56.67,645176.62,447352.98,197823.64
Sub-Saharan Africa,Burundi,Clothes,Offline,M,11/10/2013,445777404,12/4/2013,4295,109.28,35.84,469357.6,153932.8,315424.8
North America,Canada,Cereal,Offline,H,4/24/2016,817603242,5/24/2016,5823,205.7,117.11,1197791.1,681931.53,515859.57
Middle East and North Africa,Egypt,Snacks,Offline,C,5/15/2013,653255069,6/19/2013,1546,152.58,97.44,235888.68,150642.24,85246.44
Europe,Ireland,Household,Offline,H,10/30/2013,863719213,11/11/2013,2564,668.27,502.54,1713444.28,1288512.56,424931.72
Europe,Denmark,Snacks,Online,C,3/16/2016,630294501,4/8/2016,7004,152.58,97.44,1068670.32,682469.76,386200.56
Asia,Mongolia,Snacks,Offline,C,7/2/2012,554592263,8/15/2012,5030,152.58,97.44,767477.4,490123.2,277354.2
Asia,Mongolia,Personal Care,Offline,L,9/17/2014,408536326,10/23/2014,3832,81.73,56.67,313189.36,217159.44,96029.92
Sub-Saharan Africa,Burundi,Personal Care,Online,H,3/8/2013,484363019,4/4/2013,2636,81.73,56.67,215440.28,149382.12,66058.16
Central America and the Caribbean,Guatemala,Meat,Online,H,9/8/2010,244621169,10/8/2010,7695,421.89,364.69,3246443.55,2806289.55,440154
Europe,Serbia,Snacks,Offline,L,1/21/2011,572172105,2/14/2011,7296,152.58,97.44,1113223.68,710922.24,402301.44
Europe,Czech Republic,Cereal,Offline,H,5/28/2015,620189654,6/21/2015,6756,205.7,117.11,1389709.2,791195.16,598514.04
Asia,Japan,Vegetables,Offline,M,10/6/2010,962160146,10/17/2010,3423,154.06,90.93,527347.38,311253.39,216093.99
Australia and Oceania,Australia,Cereal,Offline,M,9/26/2011,441882407,9/27/2011,1679,205.7,117.11,345370.3,196627.69,148742.61
Middle East and North Africa,Algeria,Office Supplies,Online,C,4/9/2011,223467767,5/6/2011,7933,651.21,524.96,5166048.93,4164507.68,1001541.25
Europe,Bulgaria,Meat,Offline,L,9/27/2014,641340053,10/4/2014,5628,421.89,364.69,2374396.92,2052475.32,321921.6
Sub-Saharan Africa,Sierra Leone,Fruits,Offline,L,6/7/2013,750235593,6/30/2013,239,9.33,6.92,2229.87,1653.88,575.99
Sub-Saharan Africa,Botswana,Clothes,Offline,M,1/26/2011,575203216,3/14/2011,4269,109.28,35.84,466516.32,153000.96,313515.36
Europe,Serbia,Clothes,Online,C,6/7/2012,661604249,6/19/2012,2254,109.28,35.84,246317.12,80783.36,165533.76
Europe,Montenegro,Cosmetics,Online,C,1/2/2012,725112521,2/13/2012,5763,437.2,263.33,2519583.6,1517570.79,1002012.81
Central America and the Caribbean,The Bahamas,Personal Care,Online,H,11/28/2012,101714360,12/18/2012,8394,81.73,56.67,686041.62,475687.98,210353.64
Europe,Andorra,Clothes,Online,H,7/22/2015,897708594,8/14/2015,777,109.28,35.84,84910.56,27847.68,57062.88
Sub-Saharan Africa,Tanzania,Cereal,Online,M,10/31/2013,339706552,12/7/2013,5572,205.7,117.11,1146160.4,652536.92,493623.48
Asia,Taiwan,Fruits,Offline,C,1/23/2014,224632060,2/28/2014,2473,9.33,6.92,23073.09,17113.16,5959.93
North America,Greenland,Office Supplies,Offline,H,1/22/2016,169721448,2/2/2016,3203,651.21,524.96,2085825.63,1681446.88,404378.75
Asia,Turkmenistan,Cosmetics,Online,L,11/27/2016,762523543,1/4/2017,6516,437.2,263.33,2848795.2,1715858.28,1132936.92
Sub-Saharan Africa,Lesotho,Personal Care,Online,C,10/6/2014,410899674,10/13/2014,3200,81.73,56.67,261536,181344,80192
Sub-Saharan Africa,Gabon,Beverages,Online,C,8/19/2012,293023669,10/7/2012,1070,47.45,31.79,50771.5,34015.3,16756.2
Middle East and North Africa,Jordan,Cosmetics,Offline,H,8/4/2014,307381856,8/6/2014,9977,437.2,263.33,4361944.4,2627243.41,1734700.99
Central America and the Caribbean,Saint Vincent and the Grenadines,Office Supplies,Offline,M,5/31/2014,422773063,7/20/2014,6799,651.21,524.96,4427576.79,3569203.04,858373.75
Central America and the Caribbean,The Bahamas,Meat,Offline,H,7/6/2014,228308618,8/8/2014,448,421.89,364.69,189006.72,163381.12,25625.6
Sub-Saharan Africa,Gabon,Office Supplies,Online,C,7/31/2014,283412349,9/5/2014,6867,651.21,524.96,4471859.07,3604900.32,866958.75
Australia and Oceania,Kiribati,Snacks,Online,L,5/18/2015,767820584,5/20/2015,4028,152.58,97.44,614592.24,392488.32,222103.92
Middle East and North Africa,Saudi Arabia,Personal Care,Offline,C,12/9/2014,131582152,12/24/2014,6938,81.73,56.67,567042.74,393176.46,173866.28
Central America and the Caribbean,Nicaragua,Cereal,Online,M,5/14/2012,945058381,6/5/2012,2631,205.7,117.11,541196.7,308116.41,233080.29
Europe,United Kingdom,Baby Food,Offline,C,8/13/2011,448923099,8/19/2011,5176,255.28,159.42,1321329.28,825157.92,496171.36
Middle East and North Africa,Iraq,Clothes,Offline,M,2/16/2010,904162633,3/6/2010,670,109.28,35.84,73217.6,24012.8,49204.8
Europe,Austria,Snacks,Offline,M,3/14/2010,142075812,4/26/2010,2245,152.58,97.44,342542.1,218752.8,123789.3
Europe,Latvia,Office Supplies,Offline,M,3/13/2015,114273965,4/13/2015,5060,651.21,524.96,3295122.6,2656297.6,638825
Europe,Romania,Snacks,Online,L,8/9/2010,142680919,8/28/2010,1309,152.58,97.44,199727.22,127548.96,72178.26
Europe,Denmark,Cosmetics,Offline,L,4/13/2013,969533002,4/22/2013,5215,437.2,263.33,2279998,1373265.95,906732.05
Middle East and North Africa,Pakistan,Personal Care,Offline,C,8/20/2014,707379043,9/30/2014,8033,81.73,56.67,656537.09,455230.11,201306.98
Europe,Albania,Beverages,Offline,H,9/17/2014,689080369,10/5/2014,3049,47.45,31.79,144675.05,96927.71,47747.34
Australia and Oceania,Tuvalu,Fruits,Offline,L,11/3/2010,517810809,12/3/2010,580,9.33,6.92,5411.4,4013.6,1397.8
Sub-Saharan Africa,Lesotho,Fruits,Online,H,7/22/2016,317056691,8/23/2016,2975,9.33,6.92,27756.75,20587,7169.75
Europe,Netherlands,Snacks,Offline,L,5/21/2012,280616843,6/7/2012,9615,152.58,97.44,1467056.7,936885.6,530171.1
Sub-Saharan Africa,Angola,Household,Offline,C,3/17/2010,222602593,4/27/2010,1909,668.27,502.54,1275727.43,959348.86,316378.57
Europe,Switzerland,Fruits,Offline,L,8/11/2011,927437770,9/28/2011,8301,9.33,6.92,77448.33,57442.92,20005.41
Australia and Oceania,Nauru,Fruits,Offline,H,9/2/2011,999858701,10/17/2011,9263,9.33,6.92,86423.79,64099.96,22323.83
Europe,Germany,Baby Food,Online,H,4/26/2010,914914214,5/25/2010,2302,255.28,159.42,587654.56,366984.84,220669.72
Australia and Oceania,Palau,Beverages,Offline,L,2/13/2016,767965638,2/21/2016,6953,47.45,31.79,329919.85,221035.87,108883.98
Europe,Macedonia,Fruits,Online,L,3/15/2012,724686801,4/14/2012,9783,9.33,6.92,91275.39,67698.36,23577.03
Middle East and North Africa,Syria,Vegetables,Online,L,1/20/2013,571064031,1/25/2013,9392,154.06,90.93,1446931.52,854014.56,592916.96
Europe,Hungary,Cosmetics,Online,C,4/16/2015,163396155,5/20/2015,1408,437.2,263.33,615577.6,370768.64,244808.96
Central America and the Caribbean,El Salvador,Snacks,Offline,M,8/2/2016,778294503,8/29/2016,3494,152.58,97.44,533114.52,340455.36,192659.16
Asia,Turkmenistan,Office Supplies,Offline,C,11/29/2011,162682902,1/3/2012,341,651.21,524.96,222062.61,179011.36,43051.25
Asia,Laos,Clothes,Offline,L,6/5/2012,183797681,6/27/2012,8673,109.28,35.84,947785.44,310840.32,636945.12
Sub-Saharan Africa,Sudan,Personal Care,Online,C,6/13/2011,979187667,7/23/2011,2245,81.73,56.67,183483.85,127224.15,56259.7
Australia and Oceania,Nauru,Clothes,Offline,H,11/27/2010,506714189,12/1/2010,6844,109.28,35.84,747912.32,245288.96,502623.36
Asia,North Korea,Baby Food,Offline,M,1/8/2010,394551074,1/27/2010,5285,255.28,159.42,1349154.8,842534.7,506620.1
Sub-Saharan Africa,Mauritius ,Household,Offline,H,8/28/2016,991184651,8/29/2016,2420,668.27,502.54,1617213.4,1216146.8,401066.6
Europe,Bosnia and Herzegovina,Meat,Offline,C,3/24/2013,915413749,3/29/2013,126,421.89,364.69,53158.14,45950.94,7207.2
Europe,Norway,Snacks,Offline,C,7/4/2013,206349694,7/4/2013,2315,152.58,97.44,353222.7,225573.6,127649.1
Central America and the Caribbean,Cuba,Cereal,Offline,C,5/27/2013,773416316,7/9/2013,9930,205.7,117.11,2042601,1162902.3,879698.7
Sub-Saharan Africa,Zambia,Office Supplies,Online,H,6/16/2017,546349942,6/18/2017,5944,651.21,524.96,3870792.24,3120362.24,750430
Asia,North Korea,Cosmetics,Offline,H,5/7/2012,225199401,6/14/2012,362,437.2,263.33,158266.4,95325.46,62940.94
Europe,Slovenia,Vegetables,Online,C,2/10/2016,130326020,3/2/2016,5220,154.06,90.93,804193.2,474654.6,329538.6
Asia,Turkmenistan,Baby Food,Online,L,10/7/2013,652403628,10/18/2013,9586,255.28,159.42,2447114.08,1528200.12,918913.96
Sub-Saharan Africa,Ethiopia,Cosmetics,Online,C,2/12/2014,902418553,3/16/2014,4559,437.2,263.33,1993194.8,1200521.47,792673.33
Europe,Ukraine,Household,Offline,L,9/3/2015,961669623,10/18/2015,8267,668.27,502.54,5524588.09,4154498.18,1370089.91
Europe,Serbia,Vegetables,Offline,C,6/8/2010,531768167,7/2/2010,872,154.06,90.93,134340.32,79290.96,55049.36
Asia,Sri Lanka,Baby Food,Online,L,5/28/2010,284638011,7/1/2010,9568,255.28,159.42,2442519.04,1525330.56,917188.48
Sub-Saharan Africa,Eritrea,Cereal,Offline,H,7/1/2013,512515485,8/19/2013,3576,205.7,117.11,735583.2,418785.36,316797.84
Asia,Singapore,Office Supplies,Offline,M,11/30/2014,677949416,1/4/2015,9153,651.21,524.96,5960525.13,4804958.88,1155566.25
Sub-Saharan Africa,Namibia,Fruits,Offline,C,11/30/2010,763801133,12/18/2010,4584,9.33,6.92,42768.72,31721.28,11047.44
Australia and Oceania,Australia,Cosmetics,Online,C,3/7/2010,823244464,3/24/2010,5186,437.2,263.33,2267319.2,1365629.38,901689.82
Europe,Belarus,Office Supplies,Offline,H,11/23/2014,529765737,12/3/2014,8309,651.21,524.96,5410903.89,4361892.64,1049011.25
Middle East and North Africa,Saudi Arabia,Office Supplies,Offline,L,12/9/2016,527163779,12/23/2016,8332,651.21,524.96,5425881.72,4373966.72,1051915
Australia and Oceania,Kiribati,Cosmetics,Online,M,11/1/2016,179549920,11/12/2016,1666,437.2,263.33,728375.2,438707.78,289667.42
Australia and Oceania,Papua New Guinea,Snacks,Offline,M,5/20/2012,721347987,6/9/2012,1754,152.58,97.44,267625.32,170909.76,96715.56
Sub-Saharan Africa,Mali,Office Supplies,Online,C,1/8/2010,307294309,2/1/2010,4070,651.21,524.96,2650424.7,2136587.2,513837.5
Europe,Bosnia and Herzegovina,Baby Food,Offline,C,6/19/2013,762437713,8/1/2013,1117,255.28,159.42,285147.76,178072.14,107075.62
Middle East and North Africa,Morocco,Vegetables,Offline,C,5/7/2012,832139527,5/17/2012,7433,154.06,90.93,1145127.98,675882.69,469245.29
Sub-Saharan Africa,Benin,Cosmetics,Offline,M,4/21/2016,232073581,4/21/2016,4585,437.2,263.33,2004562,1207368.05,797193.95
Sub-Saharan Africa,Cape Verde,Vegetables,Offline,M,4/25/2013,998226201,6/12/2013,6171,154.06,90.93,950704.26,561129.03,389575.23
Sub-Saharan Africa,Cote d'Ivoire,Office Supplies,Online,L,5/9/2011,736896216,6/4/2011,2821,651.21,524.96,1837063.41,1480912.16,356151.25
Asia,Kyrgyzstan,Beverages,Offline,L,11/20/2011,274694955,12/14/2011,7196,47.45,31.79,341450.2,228760.84,112689.36
Europe,Luxembourg,Meat,Online,L,8/30/2013,508546245,9/14/2013,8990,421.89,364.69,3792791.1,3278563.1,514228
Europe,Germany,Fruits,Online,M,6/28/2016,155686414,8/7/2016,9924,9.33,6.92,92590.92,68674.08,23916.84
Sub-Saharan Africa,Togo,Snacks,Online,C,6/19/2017,703664290,7/13/2017,8755,152.58,97.44,1335837.9,853087.2,482750.7
Sub-Saharan Africa,Tanzania,Fruits,Online,L,9/27/2014,560341203,10/6/2014,6269,9.33,6.92,58489.77,43381.48,15108.29
Central America and the Caribbean,Haiti,Snacks,Offline,M,4/26/2011,903890979,5/19/2011,282,152.58,97.44,43027.56,27478.08,15549.48
Middle East and North Africa,Libya,Meat,Online,M,4/9/2011,732799947,4/16/2011,644,421.89,364.69,271697.16,234860.36,36836.8
Middle East and North Africa,Qatar,Meat,Online,M,12/13/2015,915866935,1/26/2016,4233,421.89,364.69,1785860.37,1543732.77,242127.6
Asia,Sri Lanka,Meat,Offline,H,8/15/2012,142203271,9/8/2012,9963,421.89,364.69,4203290.07,3633406.47,569883.6
Sub-Saharan Africa,Burkina Faso,Personal Care,Offline,L,2/17/2016,771232783,3/19/2016,3774,81.73,56.67,308449.02,213872.58,94576.44
Central America and the Caribbean,Saint Vincent and the Grenadines,Vegetables,Offline,H,1/31/2012,282691800,2/9/2012,3641,154.06,90.93,560932.46,331076.13,229856.33
Asia,Turkmenistan,Personal Care,Offline,M,8/30/2013,726629149,10/12/2013,4567,81.73,56.67,373260.91,258811.89,114449.02
Asia,Tajikistan,Snacks,Offline,L,5/26/2012,173406159,6/22/2012,3591,152.58,97.44,547914.78,349907.04,198007.74
Asia,Brunei,Snacks,Online,H,4/1/2012,363696658,5/19/2012,4778,152.58,97.44,729027.24,465568.32,263458.92
Asia,Mongolia,Snacks,Online,C,8/26/2010,858486974,8/28/2010,4228,152.58,97.44,645108.24,411976.32,233131.92
Asia,Bangladesh,Vegetables,Online,C,6/22/2017,389075934,7/21/2017,5070,154.06,90.93,781084.2,461015.1,320069.1
Europe,Denmark,Personal Care,Online,C,5/14/2013,907074868,6/8/2013,2466,81.73,56.67,201546.18,139748.22,61797.96
Asia,China,Beverages,Online,M,2/9/2014,834407603,3/11/2014,8607,47.45,31.79,408402.15,273616.53,134785.62
Australia and Oceania,Australia,Vegetables,Online,M,11/1/2013,913310468,12/17/2013,7718,154.06,90.93,1189035.08,701797.74,487237.34
Middle East and North Africa,Turkey,Baby Food,Online,C,7/12/2011,156332290,7/21/2011,1053,255.28,159.42,268809.84,167869.26,100940.58
Middle East and North Africa,Afghanistan,Snacks,Offline,H,10/21/2014,796334397,11/16/2014,1899,152.58,97.44,289749.42,185038.56,104710.86
Asia,Tajikistan,Beverages,Offline,C,6/5/2013,636490619,7/12/2013,573,47.45,31.79,27188.85,18215.67,8973.18
Central America and the Caribbean,Belize,Beverages,Online,L,5/9/2013,700287282,6/23/2013,9424,47.45,31.79,447168.8,299588.96,147579.84
Europe,Belarus,Clothes,Online,M,4/3/2010,281523215,5/17/2010,7830,109.28,35.84,855662.4,280627.2,575035.2
Australia and Oceania,Samoa ,Beverages,Offline,H,1/5/2016,994309747,2/13/2016,7205,47.45,31.79,341877.25,229046.95,112830.3
Sub-Saharan Africa,Central African Republic,Fruits,Online,H,1/24/2017,923070704,2/18/2017,5989,9.33,6.92,55877.37,41443.88,14433.49
Europe,Moldova ,Baby Food,Offline,H,1/25/2016,472542417,2/3/2016,4657,255.28,159.42,1188838.96,742418.94,446420.02
Europe,United Kingdom,Snacks,Offline,L,12/11/2012,117773711,1/18/2013,713,152.58,97.44,108789.54,69474.72,39314.82
Middle East and North Africa,Pakistan,Baby Food,Offline,M,4/9/2016,854125916,4/29/2016,3694,255.28,159.42,943004.32,588897.48,354106.84
Middle East and North Africa,Iraq,Beverages,Online,C,9/27/2016,147272861,9/29/2016,167,47.45,31.79,7924.15,5308.93,2615.22
Sub-Saharan Africa,Zambia,Household,Offline,M,9/11/2013,483200871,10/28/2013,8731,668.27,502.54,5834665.37,4387676.74,1446988.63
Europe,France,Meat,Online,H,4/28/2011,818208777,4/29/2011,5015,421.89,364.69,2115778.35,1828920.35,286858
Europe,Belarus,Vegetables,Online,H,11/16/2014,628907907,12/14/2014,6680,154.06,90.93,1029120.8,607412.4,421708.4
Australia and Oceania,Nauru,Fruits,Online,M,9/30/2011,362222087,10/28/2011,8420,9.33,6.92,78558.6,58266.4,20292.2
Europe,Malta,Cosmetics,Offline,L,2/5/2013,985387647,2/20/2013,6957,437.2,263.33,3041600.4,1831986.81,1209613.59
Middle East and North Africa,Iraq,Snacks,Offline,L,3/29/2012,835953414,5/9/2012,6047,152.58,97.44,922651.26,589219.68,333431.58
Central America and the Caribbean,El Salvador,Baby Food,Offline,L,2/12/2011,571780717,3/4/2011,1475,255.28,159.42,376538,235144.5,141393.5
Europe,Montenegro,Meat,Online,M,7/6/2016,921043384,7/14/2016,6060,421.89,364.69,2556653.4,2210021.4,346632
Europe,Hungary,Household,Offline,H,7/28/2013,432227742,8/18/2013,4649,668.27,502.54,3106787.23,2336308.46,770478.77
Europe,Macedonia,Fruits,Offline,L,1/1/2015,424132621,1/15/2015,9123,9.33,6.92,85117.59,63131.16,21986.43
North America,Greenland,Office Supplies,Offline,M,11/9/2011,935869348,11/14/2011,3392,651.21,524.96,2208904.32,1780664.32,428240
Asia,Japan,Snacks,Offline,H,3/11/2015,276861751,3/12/2015,8399,152.58,97.44,1281519.42,818398.56,463120.86
Middle East and North Africa,Algeria,Meat,Online,M,5/26/2014,876846158,6/19/2014,7118,421.89,364.69,3003013.02,2595863.42,407149.6
Europe,San Marino,Snacks,Offline,M,4/24/2011,735871398,5/23/2011,9554,152.58,97.44,1457749.32,930941.76,526807.56
Europe,Ukraine,Clothes,Offline,C,5/20/2016,174298799,6/29/2016,7743,109.28,35.84,846155.04,277509.12,568645.92
Middle East and North Africa,Azerbaijan,Office Supplies,Offline,L,8/21/2014,482802188,9/6/2014,751,651.21,524.96,489058.71,394244.96,94813.75
Middle East and North Africa,Iraq,Clothes,Offline,C,11/16/2014,772367894,12/16/2014,9678,109.28,35.84,1057611.84,346859.52,710752.32
Sub-Saharan Africa,The Gambia,Clothes,Online,C,8/11/2015,224294745,9/25/2015,2654,109.28,35.84,290029.12,95119.36,194909.76
Australia and Oceania,Federated States of Micronesia,Cereal,Offline,H,5/31/2016,340194070,7/3/2016,9840,205.7,117.11,2024088,1152362.4,871725.6
Middle East and North Africa,Lebanon,Personal Care,Online,C,2/22/2014,891989696,3/2/2014,8428,81.73,56.67,688820.44,477614.76,211205.68
Sub-Saharan Africa,Sierra Leone,Snacks,Offline,L,4/15/2014,371917951,6/3/2014,7641,152.58,97.44,1165863.78,744539.04,421324.74
Sub-Saharan Africa,Benin,Office Supplies,Offline,H,1/16/2012,942527663,2/2/2012,3735,651.21,524.96,2432269.35,1960725.6,471543.75
Middle East and North Africa,Saudi Arabia,Snacks,Offline,L,3/30/2011,786680161,5/11/2011,4996,152.58,97.44,762289.68,486810.24,275479.44
Central America and the Caribbean,Cuba,Meat,Online,C,1/1/2013,857549273,2/8/2013,6742,421.89,364.69,2844382.38,2458739.98,385642.4
Central America and the Caribbean,Guatemala,Clothes,Offline,M,12/5/2011,828621327,1/11/2012,6319,109.28,35.84,690540.32,226472.96,464067.36
Central America and the Caribbean,Haiti,Beverages,Online,H,1/17/2015,443695151,1/21/2015,8110,47.45,31.79,384819.5,257816.9,127002.6
Sub-Saharan Africa,Lesotho,Baby Food,Offline,H,4/21/2015,866882073,5/14/2015,8524,255.28,159.42,2176006.72,1358896.08,817110.64
Sub-Saharan Africa,Cape Verde,Vegetables,Online,L,7/3/2010,632605922,7/14/2010,1005,154.06,90.93,154830.3,91384.65,63445.65
Sub-Saharan Africa,Mauritania,Snacks,Online,M,8/28/2014,595603024,8/30/2014,1025,152.58,97.44,156394.5,99876,56518.5
Asia,Bangladesh,Office Supplies,Online,C,5/1/2016,780922210,5/17/2016,1091,651.21,524.96,710470.11,572731.36,137738.75
Asia,Bangladesh,Baby Food,Offline,M,9/26/2012,833924806,11/2/2012,5736,255.28,159.42,1464286.08,914433.12,549852.96
Australia and Oceania,Nauru,Office Supplies,Online,M,7/4/2013,470284640,8/10/2013,6531,651.21,524.96,4253052.51,3428513.76,824538.75
Sub-Saharan Africa,Tanzania,Fruits,Online,L,3/12/2014,825988042,3/14/2014,7072,9.33,6.92,65981.76,48938.24,17043.52
Middle East and North Africa,Saudi Arabia,Vegetables,Online,L,3/13/2015,407333838,3/21/2015,7990,154.06,90.93,1230939.4,726530.7,504408.7
Europe,Belarus,Baby Food,Online,H,5/31/2010,940933358,7/10/2010,1945,255.28,159.42,496519.6,310071.9,186447.7
Sub-Saharan Africa,Guinea,Snacks,Offline,C,9/25/2013,623710429,10/18/2013,8631,152.58,97.44,1316917.98,841004.64,475913.34
Middle East and North Africa,Tunisia ,Fruits,Online,H,5/26/2017,872901380,7/12/2017,9771,9.33,6.92,91163.43,67615.32,23548.11
Sub-Saharan Africa,Cote d'Ivoire,Household,Offline,H,12/4/2010,476055037,1/12/2011,4119,668.27,502.54,2752604.13,2069962.26,682641.87
Asia,Laos,Cereal,Online,C,3/10/2015,541032731,4/18/2015,2463,205.7,117.11,506639.1,288441.93,218197.17
North America,Greenland,Beverages,Online,H,6/21/2010,446008288,7/17/2010,2619,47.45,31.79,124271.55,83258.01,41013.54
Europe,Austria,Cereal,Offline,C,12/29/2015,989468038,2/9/2016,4435,205.7,117.11,912279.5,519382.85,392896.65
Sub-Saharan Africa,South Africa,Clothes,Online,L,5/21/2010,340210807,6/6/2010,4793,109.28,35.84,523779.04,171781.12,351997.92
Sub-Saharan Africa,Cote d'Ivoire,Household,Online,H,3/17/2011,787347924,4/30/2011,2602,668.27,502.54,1738838.54,1307609.08,431229.46
Sub-Saharan Africa,Benin,Snacks,Offline,L,7/31/2010,190303218,8/4/2010,3806,152.58,97.44,580719.48,370856.64,209862.84
Europe,Macedonia,Baby Food,Offline,H,11/1/2016,528813016,12/16/2016,6378,255.28,159.42,1628175.84,1016780.76,611395.08
Asia,Myanmar,Snacks,Online,H,11/11/2012,252926146,12/29/2012,5322,152.58,97.44,812030.76,518575.68,293455.08
Sub-Saharan Africa,Burkina Faso,Snacks,Online,M,11/28/2012,133003938,12/8/2012,7676,152.58,97.44,1171204.08,747949.44,423254.64
Central America and the Caribbean,Belize,Snacks,Online,C,5/10/2013,109720218,5/26/2013,7505,152.58,97.44,1145112.9,731287.2,413825.7
Asia,Kazakhstan,Cereal,Offline,L,8/24/2011,644061315,9/8/2011,910,205.7,117.11,187187,106570.1,80616.9
Sub-Saharan Africa,Kenya,Baby Food,Online,L,1/28/2010,467326056,3/11/2010,1020,255.28,159.42,260385.6,162608.4,97777.2
Europe,Denmark,Beverages,Online,L,1/4/2012,631125771,2/21/2012,2996,47.45,31.79,142160.2,95242.84,46917.36
Central America and the Caribbean,Saint Lucia,Cereal,Online,H,7/6/2010,457384288,7/25/2010,9030,205.7,117.11,1857471,1057503.3,799967.7
Central America and the Caribbean,Costa Rica,Personal Care,Online,M,11/10/2014,688337934,11/19/2014,3346,81.73,56.67,273468.58,189617.82,83850.76
Europe,France,Personal Care,Offline,H,6/18/2016,336535537,6/24/2016,7199,81.73,56.67,588374.27,407967.33,180406.94
Asia,Myanmar,Baby Food,Online,L,5/17/2015,734838426,5/30/2015,3875,255.28,159.42,989210,617752.5,371457.5
Europe,Bosnia and Herzegovina,Snacks,Offline,L,6/26/2016,586420428,7/17/2016,3691,152.58,97.44,563172.78,359651.04,203521.74
Europe,Luxembourg,Snacks,Online,L,8/15/2010,914767873,9/20/2010,8997,152.58,97.44,1372762.26,876667.68,496094.58
Middle East and North Africa,Lebanon,Snacks,Offline,L,3/2/2016,113679587,4/19/2016,9171,152.58,97.44,1399311.18,893622.24,505688.94
Europe,Germany,Office Supplies,Online,L,9/18/2014,697266900,10/3/2014,5625,651.21,524.96,3663056.25,2952900,710156.25
Australia and Oceania,Nauru,Vegetables,Offline,C,6/3/2015,749953639,7/3/2015,6802,154.06,90.93,1047916.12,618505.86,429410.26
Australia and Oceania,Palau,Beverages,Offline,H,5/13/2013,676476132,5/14/2013,3175,47.45,31.79,150653.75,100933.25,49720.5
Sub-Saharan Africa,Ethiopia,Snacks,Offline,H,1/19/2016,951883208,2/14/2016,2249,152.58,97.44,343152.42,219142.56,124009.86
North America,Mexico,Vegetables,Offline,M,11/23/2016,771536195,12/3/2016,3560,154.06,90.93,548453.6,323710.8,224742.8
Australia and Oceania,Vanuatu,Clothes,Offline,M,3/7/2014,301108920,3/10/2014,3676,109.28,35.84,401713.28,131747.84,269965.44
Central America and the Caribbean,Saint Kitts and Nevis ,Cosmetics,Online,M,10/23/2014,226587712,11/8/2014,1194,437.2,263.33,522016.8,314416.02,207600.78
Europe,Kosovo,Beverages,Online,C,5/27/2015,404271399,7/13/2015,1746,47.45,31.79,82847.7,55505.34,27342.36
Asia,South Korea,Beverages,Offline,M,8/21/2013,310771310,8/28/2013,2991,47.45,31.79,141922.95,95083.89,46839.06
Sub-Saharan Africa,Rwanda,Fruits,Online,H,1/20/2012,393011271,3/10/2012,9624,9.33,6.92,89791.92,66598.08,23193.84
Sub-Saharan Africa,Rwanda,Clothes,Offline,H,3/30/2014,718227612,5/5/2014,8366,109.28,35.84,914236.48,299837.44,614399.04
North America,Greenland,Fruits,Online,L,7/6/2013,523969161,7/25/2013,2973,9.33,6.92,27738.09,20573.16,7164.93
Europe,Belgium,Meat,Online,M,10/20/2011,468097245,11/3/2011,9232,421.89,364.69,3894888.48,3366818.08,528070.4
Sub-Saharan Africa,Tanzania,Cosmetics,Offline,C,11/27/2015,378785693,12/22/2015,9959,437.2,263.33,4354074.8,2622503.47,1731571.33
Australia and Oceania,Solomon Islands,Snacks,Online,H,12/16/2010,604520833,1/4/2011,3,152.58,97.44,457.74,292.32,165.42
Central America and the Caribbean,El Salvador,Cereal,Offline,L,3/31/2017,664101493,3/31/2017,1244,205.7,117.11,255890.8,145684.84,110205.96
Sub-Saharan Africa,Burkina Faso,Fruits,Online,M,9/5/2010,596639001,10/14/2010,7594,9.33,6.92,70852.02,52550.48,18301.54
Central America and the Caribbean,The Bahamas,Clothes,Offline,C,6/13/2017,511557185,7/22/2017,9994,109.28,35.84,1092144.32,358184.96,733959.36
Europe,Poland,Clothes,Online,C,10/26/2011,138592374,11/18/2011,1418,109.28,35.84,154959.04,50821.12,104137.92
Australia and Oceania,Papua New Guinea,Personal Care,Online,C,9/30/2010,177793395,11/18/2010,1871,81.73,56.67,152916.83,106029.57,46887.26
Central America and the Caribbean,Grenada,Vegetables,Online,M,2/15/2017,949521577,3/25/2017,3390,154.06,90.93,522263.4,308252.7,214010.7
Middle East and North Africa,Syria,Cereal,Online,H,12/24/2015,144450747,2/11/2016,5041,205.7,117.11,1036933.7,590351.51,446582.19
Sub-Saharan Africa,Burkina Faso,Personal Care,Online,M,2/9/2016,473567235,2/15/2016,7923,81.73,56.67,647546.79,448996.41,198550.38
Asia,Laos,Cereal,Online,H,1/9/2016,218169867,1/31/2016,167,205.7,117.11,34351.9,19557.37,14794.53
Europe,San Marino,Baby Food,Offline,M,4/19/2015,879869973,5/8/2015,1933,255.28,159.42,493456.24,308158.86,185297.38
Europe,Germany,Office Supplies,Offline,M,10/14/2010,430591380,10/26/2010,413,651.21,524.96,268949.73,216808.48,52141.25
Asia,North Korea,Household,Offline,M,7/20/2015,962570416,8/16/2015,4832,668.27,502.54,3229080.64,2428273.28,800807.36
Europe,Belarus,Personal Care,Online,C,3/20/2017,138355910,4/16/2017,1443,81.73,56.67,117936.39,81774.81,36161.58
Sub-Saharan Africa,Chad,Personal Care,Offline,C,1/18/2012,640809190,2/29/2012,8534,81.73,56.67,697483.82,483621.78,213862.04
Europe,Belgium,Baby Food,Offline,H,4/19/2016,723104083,5/26/2016,1422,255.28,159.42,363008.16,226695.24,136312.92
Australia and Oceania,Tonga,Fruits,Online,C,1/2/2017,958726918,2/13/2017,7455,9.33,6.92,69555.15,51588.6,17966.55
Asia,South Korea,Personal Care,Online,C,8/15/2013,191476523,9/7/2013,1013,81.73,56.67,82792.49,57406.71,25385.78
Sub-Saharan Africa,Cape Verde,Cereal,Online,M,3/30/2014,485464227,4/12/2014,8508,205.7,117.11,1750095.6,996371.88,753723.72
Europe,Serbia,Cereal,Online,H,9/1/2016,375113856,10/2/2016,3381,205.7,117.11,695471.7,395948.91,299522.79
Sub-Saharan Africa,Sudan,Vegetables,Online,M,3/10/2012,715161740,3/18/2012,1106,154.06,90.93,170390.36,100568.58,69821.78
Sub-Saharan Africa,The Gambia,Cereal,Offline,H,2/6/2012,630656707,2/23/2012,4189,205.7,117.11,861677.3,490573.79,371103.51
Sub-Saharan Africa,Sao Tome and Principe,Beverages,Offline,C,8/7/2013,666960084,9/17/2013,7165,47.45,31.79,339979.25,227775.35,112203.9
Europe,Bulgaria,Snacks,Offline,L,3/8/2011,539745700,3/10/2011,1602,152.58,97.44,244433.16,156098.88,88334.28
Middle East and North Africa,Algeria,Office Supplies,Offline,M,7/18/2015,484999883,8/24/2015,1098,651.21,524.96,715028.58,576406.08,138622.5
Sub-Saharan Africa,Mali,Vegetables,Online,C,12/9/2011,809021461,12/26/2011,6283,154.06,90.93,967958.98,571313.19,396645.79
Central America and the Caribbean,Dominica,Cosmetics,Offline,C,12/25/2016,538421761,1/27/2017,9819,437.2,263.33,4292866.8,2585637.27,1707229.53
Middle East and North Africa,Israel,Meat,Offline,H,4/12/2014,570124614,4/20/2014,1397,421.89,364.69,589380.33,509471.93,79908.4
Middle East and North Africa,Lebanon,Meat,Offline,H,3/17/2011,521366345,4/18/2011,2742,421.89,364.69,1156822.38,999979.98,156842.4
Central America and the Caribbean,Haiti,Household,Offline,C,6/6/2012,979695785,7/7/2012,2609,668.27,502.54,1743516.43,1311126.86,432389.57
Europe,Belgium,Cosmetics,Online,H,2/9/2016,352974259,3/27/2016,1782,437.2,263.33,779090.4,469254.06,309836.34
Europe,United Kingdom,Fruits,Online,M,2/5/2010,719375598,2/11/2010,8080,9.33,6.92,75386.4,55913.6,19472.8
Europe,Monaco,Beverages,Online,C,8/13/2013,177386128,8/16/2013,1352,47.45,31.79,64152.4,42980.08,21172.32
Central America and the Caribbean,Cuba,Fruits,Online,M,11/12/2012,495804679,11/29/2012,8477,9.33,6.92,79090.41,58660.84,20429.57
Europe,Liechtenstein,Cereal,Offline,L,4/7/2010,363742578,5/18/2010,8367,205.7,117.11,1721091.9,979859.37,741232.53
Sub-Saharan Africa,Democratic Republic of the Congo,Vegetables,Online,C,1/28/2013,340623652,2/3/2013,6963,154.06,90.93,1072719.78,633145.59,439574.19
Middle East and North Africa,Turkey,Snacks,Online,M,6/28/2014,606184232,7/6/2014,2240,152.58,97.44,341779.2,218265.6,123513.6
Asia,Taiwan,Fruits,Offline,M,7/14/2012,510473144,8/15/2012,9202,9.33,6.92,85854.66,63677.84,22176.82
Europe,Belarus,Cereal,Offline,L,11/21/2013,823851716,12/13/2013,4885,205.7,117.11,1004844.5,572082.35,432762.15
Middle East and North Africa,Israel,Cereal,Offline,C,12/8/2014,586993777,12/21/2014,3358,205.7,117.11,690740.6,393255.38,297485.22
Asia,Malaysia,Meat,Online,L,2/11/2013,260885655,2/16/2013,718,421.89,364.69,302917.02,261847.42,41069.6
Central America and the Caribbean,Honduras,Beverages,Online,L,9/22/2010,376826179,10/26/2010,95,47.45,31.79,4507.75,3020.05,1487.7
Europe,Italy,Office Supplies,Offline,L,2/16/2011,186426675,4/6/2011,6651,651.21,524.96,4331197.71,3491508.96,839688.75
Europe,Denmark,Meat,Online,M,12/17/2014,811610972,1/23/2015,2577,421.89,364.69,1087210.53,939806.13,147404.4
Europe,Belarus,Cereal,Offline,L,5/11/2016,294615399,5/12/2016,2099,205.7,117.11,431764.3,245813.89,185950.41
Europe,Sweden,Office Supplies,Online,L,4/20/2014,347988784,5/21/2014,6469,651.21,524.96,4212677.49,3395966.24,816711.25
Asia,Myanmar,Vegetables,Online,M,5/30/2016,504592454,6/27/2016,8975,154.06,90.93,1382688.5,816096.75,566591.75
Central America and the Caribbean,The Bahamas,Beverages,Online,L,6/11/2012,367600238,7/16/2012,9934,47.45,31.79,471368.3,315801.86,155566.44
Europe,Cyprus,Beverages,Online,C,12/8/2015,960498464,12/12/2015,1695,47.45,31.79,80427.75,53884.05,26543.7
Middle East and North Africa,Iran,Cereal,Online,H,12/25/2014,677085959,1/25/2015,3637,205.7,117.11,748130.9,425929.07,322201.83
Sub-Saharan Africa,Madagascar,Cereal,Online,M,11/21/2013,231474053,12/10/2013,7171,205.7,117.11,1475074.7,839795.81,635278.89
Europe,Albania,Personal Care,Offline,H,4/1/2014,408086574,4/15/2014,741,81.73,56.67,60561.93,41992.47,18569.46
Central America and the Caribbean,Barbados,Cereal,Online,C,2/19/2011,711659848,3/14/2011,4819,205.7,117.11,991268.3,564353.09,426915.21
Asia,Indonesia,Cereal,Online,H,1/20/2012,717242705,3/2/2012,6910,205.7,117.11,1421387,809230.1,612156.9
Australia and Oceania,East Timor,Snacks,Online,C,6/4/2010,520196473,7/3/2010,6551,152.58,97.44,999551.58,638329.44,361222.14
Sub-Saharan Africa,Sudan,Clothes,Offline,M,2/3/2012,286194980,3/7/2012,309,109.28,35.84,33767.52,11074.56,22692.96
Europe,Monaco,Beverages,Online,L,5/24/2016,701224553,6/6/2016,6783,47.45,31.79,321853.35,215631.57,106221.78
Europe,Slovenia,Personal Care,Online,L,5/19/2012,721584022,6/8/2012,1602,81.73,56.67,130931.46,90785.34,40146.12
Sub-Saharan Africa,Sudan,Clothes,Online,C,11/15/2012,723884713,11/30/2012,2428,109.28,35.84,265331.84,87019.52,178312.32
Sub-Saharan Africa,Madagascar,Meat,Online,H,11/1/2012,255050456,12/20/2012,3953,421.89,364.69,1667731.17,1441619.57,226111.6
Europe,Czech Republic,Meat,Online,L,11/11/2015,282317578,12/16/2015,2900,421.89,364.69,1223481,1057601,165880
Australia and Oceania,New Zealand,Beverages,Online,C,4/4/2015,943234908,4/30/2015,3025,47.45,31.79,143536.25,96164.75,47371.5
Asia,Laos,Cosmetics,Online,M,12/16/2012,195663774,1/21/2013,114,437.2,263.33,49840.8,30019.62,19821.18
Europe,Luxembourg,Cereal,Online,L,10/8/2015,567778003,10/28/2015,6983,205.7,117.11,1436403.1,817779.13,618623.97
Central America and the Caribbean,Saint Vincent and the Grenadines,Fruits,Online,C,5/23/2016,608063924,7/7/2016,8482,9.33,6.92,79137.06,58695.44,20441.62
Sub-Saharan Africa,Niger,Cosmetics,Offline,C,5/23/2012,735320365,6/7/2012,6491,437.2,263.33,2837865.2,1709275.03,1128590.17
Sub-Saharan Africa,Swaziland,Cosmetics,Offline,M,7/18/2017,988658654,9/6/2017,4921,437.2,263.33,2151461.2,1295846.93,855614.27
Asia,Vietnam,Snacks,Offline,C,8/11/2012,577502620,8/15/2012,4713,152.58,97.44,719109.54,459234.72,259874.82
Sub-Saharan Africa,Mauritius ,Cosmetics,Offline,C,4/12/2017,131588590,4/12/2017,8843,437.2,263.33,3866159.6,2328627.19,1537532.41
Europe,United Kingdom,Personal Care,Online,L,8/27/2010,350965392,10/13/2010,7314,81.73,56.67,597773.22,414484.38,183288.84
Sub-Saharan Africa,Gabon,Cereal,Offline,H,10/9/2010,655994355,10/22/2010,2162,205.7,117.11,444723.4,253191.82,191531.58
Europe,Latvia,Snacks,Offline,L,3/23/2010,537349307,4/2/2010,2456,152.58,97.44,374736.48,239312.64,135423.84
Middle East and North Africa,Saudi Arabia,Household,Offline,H,3/29/2010,906016576,4/9/2010,9293,668.27,502.54,6210233.11,4670104.22,1540128.89
Europe,Monaco,Meat,Online,C,11/27/2016,943294990,12/25/2016,804,421.89,364.69,339199.56,293210.76,45988.8
Asia,Laos,Cosmetics,Online,M,8/26/2014,350795876,9/29/2014,7150,437.2,263.33,3125980,1882809.5,1243170.5
Central America and the Caribbean,Costa Rica,Office Supplies,Offline,M,6/21/2015,700443065,8/4/2015,5523,651.21,524.96,3596632.83,2899354.08,697278.75
Europe,Belgium,Clothes,Offline,M,4/14/2017,484472882,5/17/2017,5147,109.28,35.84,562464.16,184468.48,377995.68
Australia and Oceania,Solomon Islands,Baby Food,Offline,H,4/17/2015,965434157,5/3/2015,2276,255.28,159.42,581017.28,362839.92,218177.36
Middle East and North Africa,Saudi Arabia,Meat,Offline,H,4/28/2013,326188218,5/19/2013,5197,421.89,364.69,2192562.33,1895293.93,297268.4
Asia,Mongolia,Household,Offline,L,6/30/2012,419908893,7/14/2012,9227,668.27,502.54,6166127.29,4636936.58,1529190.71
Europe,Malta,Snacks,Online,C,12/26/2014,920082509,1/20/2015,1716,152.58,97.44,261827.28,167207.04,94620.24
Central America and the Caribbean,The Bahamas,Office Supplies,Offline,H,9/2/2012,670507895,9/22/2012,7041,651.21,524.96,4585169.61,3696243.36,888926.25
Sub-Saharan Africa,Benin,Vegetables,Online,L,8/28/2013,835296380,9/29/2013,1616,154.06,90.93,248960.96,146942.88,102018.08
Europe,Denmark,Beverages,Online,C,9/26/2015,848871791,10/25/2015,8882,47.45,31.79,421450.9,282358.78,139092.12
Asia,Brunei,Cereal,Online,L,3/14/2010,665970456,4/27/2010,4312,205.7,117.11,886978.4,504978.32,382000.08
Central America and the Caribbean,Costa Rica,Snacks,Online,C,11/30/2015,311641204,1/17/2016,412,152.58,97.44,62862.96,40145.28,22717.68
Sub-Saharan Africa,Guinea,Baby Food,Offline,H,12/8/2014,331245362,1/1/2015,1719,255.28,159.42,438826.32,274042.98,164783.34
Sub-Saharan Africa,Democratic Republic of the Congo,Office Supplies,Online,H,11/26/2016,440456759,1/11/2017,9798,651.21,524.96,6380555.58,5143558.08,1236997.5
Europe,San Marino,Household,Offline,M,5/14/2017,875261723,7/1/2017,8249,668.27,502.54,5512559.23,4145452.46,1367106.77
Europe,Netherlands,Personal Care,Online,M,9/23/2016,141959083,9/28/2016,7702,81.73,56.67,629484.46,436472.34,193012.12
Australia and Oceania,Marshall Islands,Personal Care,Online,H,6/15/2016,867160165,6/19/2016,818,81.73,56.67,66855.14,46356.06,20499.08
Sub-Saharan Africa,Benin,Fruits,Offline,C,4/19/2015,347788798,5/11/2015,7289,9.33,6.92,68006.37,50439.88,17566.49
Middle East and North Africa,Morocco,Snacks,Online,L,1/22/2013,901081311,3/9/2013,8839,152.58,97.44,1348654.62,861272.16,487382.46
Central America and the Caribbean,Belize,Beverages,Offline,C,5/30/2014,414586532,6/1/2014,4223,47.45,31.79,200381.35,134249.17,66132.18
Central America and the Caribbean,El Salvador,Office Supplies,Offline,C,7/3/2017,896165788,8/5/2017,4226,651.21,524.96,2752013.46,2218480.96,533532.5
Central America and the Caribbean,Belize,Clothes,Offline,C,3/14/2010,823992908,3/30/2010,6667,109.28,35.84,728569.76,238945.28,489624.48
Central America and the Caribbean,Saint Kitts and Nevis ,Snacks,Online,H,9/18/2011,996554219,11/1/2011,1394,152.58,97.44,212696.52,135831.36,76865.16
Europe,France,Snacks,Online,M,10/28/2015,482648551,12/13/2015,5287,152.58,97.44,806690.46,515165.28,291525.18
Asia,Uzbekistan,Personal Care,Online,M,5/15/2017,671387231,5/30/2017,7256,81.73,56.67,593032.88,411197.52,181835.36
Sub-Saharan Africa,Niger,Cereal,Online,L,1/18/2016,322194087,2/23/2016,3245,205.7,117.11,667496.5,380021.95,287474.55
Middle East and North Africa,Algeria,Snacks,Offline,C,8/12/2012,514805448,8/12/2012,1227,152.58,97.44,187215.66,119558.88,67656.78
Middle East and North Africa,Kuwait,Snacks,Online,L,9/5/2012,599270141,10/19/2012,6207,152.58,97.44,947064.06,604810.08,342253.98
Australia and Oceania,Samoa ,Office Supplies,Offline,C,5/6/2015,445949494,5/17/2015,5220,651.21,524.96,3399316.2,2740291.2,659025
Sub-Saharan Africa,Sierra Leone,Office Supplies,Online,M,12/27/2016,895517337,2/4/2017,2335,651.21,524.96,1520575.35,1225781.6,294793.75
Middle East and North Africa,Azerbaijan,Cereal,Offline,C,1/22/2015,608959996,2/15/2015,3650,205.7,117.11,750805,427451.5,323353.5
Europe,United Kingdom,Beverages,Online,H,11/6/2011,117576301,11/9/2011,2295,47.45,31.79,108897.75,72958.05,35939.7
Europe,Switzerland,Cosmetics,Online,H,9/20/2010,472977578,10/17/2010,3431,437.2,263.33,1500033.2,903485.23,596547.97
Asia,Maldives,Cereal,Online,H,4/23/2012,997087657,5/26/2012,9250,205.7,117.11,1902725,1083267.5,819457.5
Asia,Malaysia,Clothes,Offline,M,10/4/2010,632142865,10/26/2010,3976,109.28,35.84,434497.28,142499.84,291997.44
Sub-Saharan Africa,Democratic Republic of the Congo,Office Supplies,Online,M,8/12/2012,190692031,9/15/2012,8864,651.21,524.96,5772325.44,4653245.44,1119080
Middle East and North Africa,Afghanistan,Beverages,Offline,M,5/9/2010,105596482,5/30/2010,7201,47.45,31.79,341687.45,228919.79,112767.66
Sub-Saharan Africa,South Africa,Fruits,Offline,C,6/13/2016,880030047,7/9/2016,9302,9.33,6.92,86787.66,64369.84,22417.82
Europe,Belarus,Cosmetics,Online,M,2/24/2014,837479054,2/25/2014,7518,437.2,263.33,3286869.6,1979714.94,1307154.66
Middle East and North Africa,Libya,Meat,Offline,C,4/8/2014,171742331,5/20/2014,1227,421.89,364.69,517659.03,447474.63,70184.4
Europe,Bosnia and Herzegovina,Beverages,Offline,M,7/16/2013,496931207,7/17/2013,1842,47.45,31.79,87402.9,58557.18,28845.72
Central America and the Caribbean,Trinidad and Tobago,Cereal,Online,L,7/20/2013,797469508,8/15/2013,7804,205.7,117.11,1605282.8,913926.44,691356.36
Middle East and North Africa,Qatar,Office Supplies,Online,L,12/14/2016,578093564,1/4/2017,9587,651.21,524.96,6243150.27,5032791.52,1210358.75
Europe,Italy,Meat,Offline,M,2/8/2016,313852202,3/14/2016,4696,421.89,364.69,1981195.44,1712584.24,268611.2
Europe,Iceland,Meat,Online,L,12/30/2011,100106751,1/24/2012,2667,421.89,364.69,1125180.63,972628.23,152552.4
Sub-Saharan Africa,Namibia,Beverages,Online,L,6/23/2010,102531039,8/2/2010,68,47.45,31.79,3226.6,2161.72,1064.88
Europe,Armenia,Snacks,Online,M,11/19/2010,107111394,12/28/2010,5497,152.58,97.44,838732.26,535627.68,303104.58
Sub-Saharan Africa,Angola,Office Supplies,Online,C,5/29/2017,870146644,6/20/2017,4583,651.21,524.96,2984495.43,2405891.68,578603.75
Sub-Saharan Africa,Guinea,Clothes,Online,L,8/1/2012,968248116,8/2/2012,4989,109.28,35.84,545197.92,178805.76,366392.16
Sub-Saharan Africa,Mali,Snacks,Online,L,2/2/2014,848339641,3/1/2014,1406,152.58,97.44,214527.48,137000.64,77526.84
Sub-Saharan Africa,South Africa,Meat,Online,L,5/18/2010,577657544,5/30/2010,559,421.89,364.69,235836.51,203861.71,31974.8
Europe,Montenegro,Household,Online,L,6/21/2017,293750655,7/1/2017,6202,668.27,502.54,4144610.54,3116753.08,1027857.46
Sub-Saharan Africa,Tanzania,Baby Food,Offline,L,8/5/2014,654480302,9/11/2014,4120,255.28,159.42,1051753.6,656810.4,394943.2
Australia and Oceania,Tuvalu,Cosmetics,Offline,L,2/8/2016,588020312,3/23/2016,7132,437.2,263.33,3118110.4,1878069.56,1240040.84
Europe,Kosovo,Clothes,Online,L,9/22/2014,442857015,11/10/2014,87,109.28,35.84,9507.36,3118.08,6389.28
Asia,Turkmenistan,Office Supplies,Offline,L,8/2/2015,637789237,8/10/2015,4863,651.21,524.96,3166834.23,2552880.48,613953.75
Middle East and North Africa,Azerbaijan,Vegetables,Online,C,4/24/2017,311928308,6/2/2017,5373,154.06,90.93,827764.38,488566.89,339197.49
Sub-Saharan Africa,Liberia,Cereal,Offline,H,10/26/2015,474698054,12/14/2015,2558,205.7,117.11,526180.6,299567.38,226613.22
Middle East and North Africa,Syria,Snacks,Online,H,8/23/2015,855834805,8/29/2015,9392,152.58,97.44,1433031.36,915156.48,517874.88
Asia,Uzbekistan,Snacks,Offline,L,1/14/2011,355387389,2/5/2011,5881,152.58,97.44,897322.98,573044.64,324278.34
Australia and Oceania,Palau,Cereal,Offline,H,6/18/2012,193717133,7/4/2012,4059,205.7,117.11,834936.3,475349.49,359586.81
Central America and the Caribbean,Guatemala,Snacks,Offline,L,7/6/2012,761497867,8/25/2012,2996,152.58,97.44,457129.68,291930.24,165199.44
Sub-Saharan Africa,Sao Tome and Principe,Snacks,Online,H,6/2/2012,269715917,7/16/2012,3788,152.58,97.44,577973.04,369102.72,208870.32
Sub-Saharan Africa,Sierra Leone,Cosmetics,Online,C,9/10/2010,599670112,9/21/2010,4567,437.2,263.33,1996692.4,1202628.11,794064.29
Sub-Saharan Africa,Democratic Republic of the Congo,Office Supplies,Online,M,6/24/2014,552971780,7/21/2014,5493,651.21,524.96,3577096.53,2883605.28,693491.25
Sub-Saharan Africa,Sao Tome and Principe,Personal Care,Online,L,1/21/2013,801544749,1/24/2013,3758,81.73,56.67,307141.34,212965.86,94175.48
Central America and the Caribbean,Haiti,Cereal,Offline,L,12/3/2011,737625348,12/20/2011,8587,205.7,117.11,1766345.9,1005623.57,760722.33
Sub-Saharan Africa,Cote d'Ivoire,Personal Care,Offline,L,11/3/2013,723762404,12/6/2013,6234,81.73,56.67,509504.82,353280.78,156224.04
Sub-Saharan Africa,Namibia,Personal Care,Online,C,1/28/2015,742817246,2/25/2015,4985,81.73,56.67,407424.05,282499.95,124924.1
Australia and Oceania,East Timor,Personal Care,Online,L,9/26/2016,847963702,10/15/2016,158,81.73,56.67,12913.34,8953.86,3959.48
Australia and Oceania,East Timor,Clothes,Offline,H,6/8/2013,712688100,7/14/2013,9101,109.28,35.84,994557.28,326179.84,668377.44
Asia,Tajikistan,Office Supplies,Offline,M,3/13/2012,980789268,4/27/2012,6194,651.21,524.96,4033594.74,3251602.24,781992.5
Sub-Saharan Africa,Chad,Snacks,Online,L,7/17/2013,116378533,8/14/2013,7849,152.58,97.44,1197600.42,764806.56,432793.86
Middle East and North Africa,Somalia,Baby Food,Online,H,4/10/2015,253879725,4/14/2015,7507,255.28,159.42,1916386.96,1196765.94,719621.02
Middle East and North Africa,Libya,Baby Food,Online,H,4/2/2016,448029172,4/8/2016,643,255.28,159.42,164145.04,102507.06,61637.98
Europe,Portugal,Snacks,Online,L,8/16/2012,723875701,8/21/2012,9761,152.58,97.44,1489333.38,951111.84,538221.54
Sub-Saharan Africa,Eritrea,Fruits,Offline,M,9/29/2016,726780641,11/2/2016,9397,9.33,6.92,87674.01,65027.24,22646.77
Middle East and North Africa,Lebanon,Cosmetics,Offline,C,7/12/2015,172417819,7/28/2015,1119,437.2,263.33,489226.8,294666.27,194560.53
Sub-Saharan Africa,Seychelles ,Cosmetics,Online,L,2/3/2012,196773564,3/12/2012,8525,437.2,263.33,3727130,2244888.25,1482241.75
Asia,Vietnam,Cereal,Online,M,6/2/2014,206146705,6/23/2014,2246,205.7,117.11,462002.2,263029.06,198973.14
Europe,Germany,Cosmetics,Offline,M,5/26/2016,127148568,5/30/2016,4942,437.2,263.33,2160642.4,1301376.86,859265.54
Middle East and North Africa,Morocco,Fruits,Offline,C,10/14/2016,856702983,10/27/2016,6305,9.33,6.92,58825.65,43630.6,15195.05
Europe,Belarus,Office Supplies,Offline,H,5/22/2015,212046277,6/28/2015,8060,651.21,524.96,5248752.6,4231177.6,1017575
Central America and the Caribbean,Cuba,Fruits,Offline,H,11/11/2016,580727279,11/11/2016,8962,9.33,6.92,83615.46,62017.04,21598.42
Australia and Oceania,New Zealand,Snacks,Online,C,10/19/2011,370607316,12/5/2011,9795,152.58,97.44,1494521.1,954424.8,540096.3
Sub-Saharan Africa,Burkina Faso,Office Supplies,Offline,L,10/9/2010,759860217,10/12/2010,8379,651.21,524.96,5456488.59,4398639.84,1057848.75
Sub-Saharan Africa,Uganda,Baby Food,Offline,L,4/13/2010,746972310,4/24/2010,4561,255.28,159.42,1164332.08,727114.62,437217.46
Middle East and North Africa,Iraq,Household,Offline,L,9/5/2011,300742423,9/7/2011,5221,668.27,502.54,3489037.67,2623761.34,865276.33
Australia and Oceania,Marshall Islands,Vegetables,Offline,L,5/17/2017,810281884,6/5/2017,9271,154.06,90.93,1428290.26,843012.03,585278.23
Asia,Brunei,Beverages,Offline,M,12/2/2011,135014522,1/15/2012,2652,47.45,31.79,125837.4,84307.08,41530.32
Asia,Sri Lanka,Cereal,Online,L,3/20/2011,254676663,4/9/2011,3339,205.7,117.11,686832.3,391030.29,295802.01
Europe,France,Personal Care,Offline,M,4/19/2013,519317138,5/22/2013,6336,81.73,56.67,517841.28,359061.12,158780.16
Sub-Saharan Africa,Republic of the Congo,Baby Food,Offline,L,4/9/2017,799297273,5/8/2017,8680,255.28,159.42,2215830.4,1383765.6,832064.8
Central America and the Caribbean,Haiti,Baby Food,Offline,C,12/11/2011,135290896,1/22/2012,4438,255.28,159.42,1132932.64,707505.96,425426.68
Europe,Bulgaria,Beverages,Online,L,6/22/2017,788284337,7/12/2017,9708,47.45,31.79,460644.6,308617.32,152027.28
Europe,Serbia,Cosmetics,Offline,L,6/10/2013,589576423,6/11/2013,7620,437.2,263.33,3331464,2006574.6,1324889.4
Sub-Saharan Africa,Cape Verde,Baby Food,Offline,C,10/13/2010,590778481,11/16/2010,3336,255.28,159.42,851614.08,531825.12,319788.96
Sub-Saharan Africa,Swaziland,Snacks,Offline,C,2/18/2010,113814342,2/24/2010,9048,152.58,97.44,1380543.84,881637.12,498906.72
Sub-Saharan Africa,Zimbabwe,Household,Offline,M,3/15/2013,800920331,4/4/2013,8979,668.27,502.54,6000396.33,4512306.66,1488089.67
Asia,Bangladesh,Personal Care,Online,L,5/26/2011,764645278,6/9/2011,4385,81.73,56.67,358386.05,248497.95,109888.1
Europe,Albania,Personal Care,Online,L,5/4/2012,437850511,6/16/2012,8551,81.73,56.67,698873.23,484585.17,214288.06
Middle East and North Africa,Tunisia ,Household,Online,M,5/10/2013,323709857,6/24/2013,1795,668.27,502.54,1199544.65,902059.3,297485.35
Europe,Czech Republic,Personal Care,Online,H,11/2/2012,545709645,11/29/2012,6466,81.73,56.67,528466.18,366428.22,162037.96
Europe,Bosnia and Herzegovina,Cosmetics,Offline,C,1/11/2014,397648704,2/10/2014,1943,437.2,263.33,849479.6,511650.19,337829.41
Sub-Saharan Africa,Sierra Leone,Baby Food,Offline,C,8/30/2013,593638360,9/11/2013,9638,255.28,159.42,2460388.64,1536489.96,923898.68
Asia,Nepal,Clothes,Online,M,4/29/2013,118102443,5/14/2013,7992,109.28,35.84,873365.76,286433.28,586932.48
Australia and Oceania,Nauru,Beverages,Offline,C,9/3/2015,275777280,10/22/2015,7480,47.45,31.79,354926,237789.2,117136.8
Sub-Saharan Africa,Madagascar,Cereal,Online,C,1/20/2013,641711699,1/27/2013,5607,205.7,117.11,1153359.9,656635.77,496724.13
Sub-Saharan Africa,Sudan,Vegetables,Online,L,1/15/2014,411267030,1/15/2014,1908,154.06,90.93,293946.48,173494.44,120452.04
Sub-Saharan Africa,Nigeria,Fruits,Online,C,11/27/2016,650117099,12/22/2016,2951,9.33,6.92,27532.83,20420.92,7111.91
Middle East and North Africa,Lebanon,Beverages,Online,M,6/2/2013,244248235,7/15/2013,7335,47.45,31.79,348045.75,233179.65,114866.1
Sub-Saharan Africa,Swaziland,Meat,Online,M,5/3/2015,849959266,5/5/2015,690,421.89,364.69,291104.1,251636.1,39468
Sub-Saharan Africa,Republic of the Congo,Beverages,Online,L,10/6/2012,143861520,10/21/2012,675,47.45,31.79,32028.75,21458.25,10570.5
Sub-Saharan Africa,Sudan,Office Supplies,Offline,H,10/26/2015,372878825,11/28/2015,1985,651.21,524.96,1292651.85,1042045.6,250606.25
Europe,San Marino,Household,Offline,H,12/10/2012,704247510,12/28/2012,1343,668.27,502.54,897486.61,674911.22,222575.39
Australia and Oceania,Tonga,Household,Online,L,8/2/2012,375516402,8/25/2012,2503,668.27,502.54,1672679.81,1257857.62,414822.19
Sub-Saharan Africa,Lesotho,Baby Food,Offline,M,9/11/2016,944546830,9/25/2016,1252,255.28,159.42,319610.56,199593.84,120016.72
Central America and the Caribbean,Panama,Office Supplies,Online,H,12/1/2016,439512622,1/15/2017,407,651.21,524.96,265042.47,213658.72,51383.75
Middle East and North Africa,Israel,Meat,Online,L,7/13/2013,108900105,8/13/2013,4816,421.89,364.69,2031822.24,1756347.04,275475.2
Europe,Slovenia,Snacks,Offline,M,9/5/2011,371508109,10/4/2011,6360,152.58,97.44,970408.8,619718.4,350690.4
Europe,Slovakia,Household,Offline,L,7/22/2017,366447961,7/28/2017,8950,668.27,502.54,5981016.5,4497733,1483283.5
Europe,Spain,Personal Care,Online,L,12/4/2011,203143489,12/24/2011,3528,81.73,56.67,288343.44,199931.76,88411.68
Sub-Saharan Africa,Equatorial Guinea,Personal Care,Offline,M,6/24/2014,511331021,8/4/2014,3067,81.73,56.67,250665.91,173806.89,76859.02
Sub-Saharan Africa,Mauritius ,Cosmetics,Online,H,11/22/2011,191059386,12/18/2011,7573,437.2,263.33,3310915.6,1994198.09,1316717.51
Middle East and North Africa,Saudi Arabia,Fruits,Online,M,8/17/2014,462689912,10/5/2014,9082,9.33,6.92,84735.06,62847.44,21887.62
Sub-Saharan Africa,Sudan,Baby Food,Online,C,4/12/2015,816896426,4/28/2015,6661,255.28,159.42,1700420.08,1061896.62,638523.46
North America,Greenland,Fruits,Online,M,1/27/2015,364665257,1/31/2015,1408,9.33,6.92,13136.64,9743.36,3393.28
Europe,Greece,Baby Food,Offline,M,7/10/2012,987295234,8/2/2012,1454,255.28,159.42,371177.12,231796.68,139380.44
Europe,Monaco,Beverages,Offline,C,10/11/2014,586397683,11/28/2014,6960,47.45,31.79,330252,221258.4,108993.6
Middle East and North Africa,Jordan,Beverages,Online,H,2/12/2011,733896434,3/26/2011,5118,47.45,31.79,242849.1,162701.22,80147.88
Australia and Oceania,Tonga,Meat,Online,M,8/8/2014,822027814,9/7/2014,5152,421.89,364.69,2173577.28,1878882.88,294694.4
North America,Mexico,Office Supplies,Offline,M,11/10/2012,313340651,12/8/2012,3317,651.21,524.96,2160063.57,1741292.32,418771.25
Europe,Slovakia,Beverages,Online,C,4/19/2017,990696275,5/2/2017,7898,47.45,31.79,374760.1,251077.42,123682.68
Sub-Saharan Africa,Niger,Household,Offline,C,11/18/2013,207268512,11/20/2013,4213,668.27,502.54,2815421.51,2117201.02,698220.49
Europe,Slovenia,Clothes,Online,M,5/11/2012,336543691,6/5/2012,9612,109.28,35.84,1050399.36,344494.08,705905.28
Sub-Saharan Africa,Gabon,Household,Offline,H,3/12/2012,222320640,4/29/2012,8473,668.27,502.54,5662251.71,4258021.42,1404230.29
Sub-Saharan Africa,Malawi,Office Supplies,Online,L,11/26/2013,128710687,11/28/2013,7207,651.21,524.96,4693270.47,3783386.72,909883.75
Middle East and North Africa,Oman,Vegetables,Online,M,4/15/2015,390137660,4/23/2015,9258,154.06,90.93,1426287.48,841829.94,584457.54
Europe,Romania,Cosmetics,Offline,C,3/17/2015,961337888,5/4/2015,99,437.2,263.33,43282.8,26069.67,17213.13
Europe,Liechtenstein,Baby Food,Offline,C,5/21/2017,967360198,7/1/2017,2234,255.28,159.42,570295.52,356144.28,214151.24
Sub-Saharan Africa,Lesotho,Clothes,Online,H,6/16/2011,953565919,7/9/2011,201,109.28,35.84,21965.28,7203.84,14761.44
Sub-Saharan Africa,Eritrea,Cosmetics,Offline,C,8/15/2014,635628879,8/31/2014,5565,437.2,263.33,2433018,1465431.45,967586.55
Europe,Bulgaria,Beverages,Online,M,11/11/2014,249535405,11/16/2014,1926,47.45,31.79,91388.7,61227.54,30161.16
Sub-Saharan Africa,Uganda,Household,Online,M,7/31/2012,101584327,8/15/2012,9915,668.27,502.54,6625897.05,4982684.1,1643212.95
Sub-Saharan Africa,Nigeria,Baby Food,Online,H,10/26/2016,118386971,11/28/2016,2191,255.28,159.42,559318.48,349289.22,210029.26
Sub-Saharan Africa,Mauritius ,Office Supplies,Online,M,3/7/2011,296867167,4/10/2011,8447,651.21,524.96,5500770.87,4434337.12,1066433.75
Europe,Moldova ,Cosmetics,Online,H,8/13/2010,254261243,8/19/2010,407,437.2,263.33,177940.4,107175.31,70765.09
Sub-Saharan Africa,Angola,Snacks,Online,C,3/20/2012,578118026,4/17/2012,6826,152.58,97.44,1041511.08,665125.44,376385.64
Europe,Ireland,Office Supplies,Online,H,2/21/2014,576298844,4/1/2014,8490,651.21,524.96,5528772.9,4456910.4,1071862.5
Sub-Saharan Africa,Sao Tome and Principe,Fruits,Online,L,10/27/2011,526977527,11/14/2011,3216,9.33,6.92,30005.28,22254.72,7750.56
Middle East and North Africa,Saudi Arabia,Vegetables,Offline,M,11/24/2016,328640401,12/2/2016,853,154.06,90.93,131413.18,77563.29,53849.89
Asia,Malaysia,Clothes,Online,H,8/1/2015,850086295,9/8/2015,8280,109.28,35.84,904838.4,296755.2,608083.2
Sub-Saharan Africa,Malawi,Vegetables,Online,C,4/12/2010,780426537,4/12/2010,4410,154.06,90.93,679404.6,401001.3,278403.3
Middle East and North Africa,Tunisia ,Baby Food,Online,L,11/2/2015,679084956,12/1/2015,5184,255.28,159.42,1323371.52,826433.28,496938.24
Asia,Turkmenistan,Meat,Offline,L,4/15/2010,725797879,5/3/2010,8576,421.89,364.69,3618128.64,3127581.44,490547.2
Central America and the Caribbean,Antigua and Barbuda ,Personal Care,Offline,M,5/23/2014,270614135,5/24/2014,9591,81.73,56.67,783872.43,543521.97,240350.46
Europe,United Kingdom,Clothes,Offline,L,2/6/2012,983895051,3/2/2012,5265,109.28,35.84,575359.2,188697.6,386661.6
Europe,Macedonia,Clothes,Online,C,12/11/2014,106314456,1/3/2015,9665,109.28,35.84,1056191.2,346393.6,709797.6
Europe,Vatican City,Snacks,Online,M,10/15/2012,798858678,11/30/2012,8890,152.58,97.44,1356436.2,866241.6,490194.6
Europe,Switzerland,Personal Care,Online,L,7/6/2015,892826545,8/2/2015,6070,81.73,56.67,496101.1,343986.9,152114.2
Australia and Oceania,Kiribati,Cereal,Online,C,4/27/2011,539829385,5/16/2011,6366,205.7,117.11,1309486.2,745522.26,563963.94
Sub-Saharan Africa,The Gambia,Snacks,Online,H,1/2/2016,861791026,1/10/2016,1970,152.58,97.44,300582.6,191956.8,108625.8
Sub-Saharan Africa,Mauritius ,Household,Offline,L,2/14/2016,800947797,4/1/2016,7107,668.27,502.54,4749394.89,3571551.78,1177843.11
Europe,Finland,Baby Food,Online,H,8/28/2010,269848525,9/20/2010,3030,255.28,159.42,773498.4,483042.6,290455.8
Europe,Portugal,Meat,Offline,M,10/20/2014,601354539,12/1/2014,3026,421.89,364.69,1276639.14,1103551.94,173087.2
Sub-Saharan Africa,Cameroon,Vegetables,Online,H,9/26/2010,498639667,11/8/2010,7413,154.06,90.93,1142046.78,674064.09,467982.69
Europe,Malta,Fruits,Online,H,1/1/2012,985190236,1/31/2012,8539,9.33,6.92,79668.87,59089.88,20578.99
Europe,Portugal,Baby Food,Online,M,4/6/2014,454805076,5/24/2014,5784,255.28,159.42,1476539.52,922085.28,554454.24
Europe,Spain,Fruits,Offline,L,4/5/2014,521595513,4/5/2014,558,9.33,6.92,5206.14,3861.36,1344.78
Central America and the Caribbean,Grenada,Household,Offline,M,7/29/2013,169985377,8/31/2013,1305,668.27,502.54,872092.35,655814.7,216277.65
Sub-Saharan Africa,Eritrea,Household,Online,H,11/11/2014,704710996,11/14/2014,8499,668.27,502.54,5679626.73,4271087.46,1408539.27
Europe,Albania,Snacks,Offline,C,6/24/2010,800821197,7/1/2010,9643,152.58,97.44,1471328.94,939613.92,531715.02
Europe,Norway,Office Supplies,Online,C,7/24/2016,553677308,7/27/2016,4274,651.21,524.96,2783271.54,2243679.04,539592.5
Sub-Saharan Africa,Zambia,Snacks,Online,C,3/28/2016,128953158,5/6/2016,8960,152.58,97.44,1367116.8,873062.4,494054.4
Middle East and North Africa,Iraq,Cosmetics,Online,L,6/4/2016,212635076,6/29/2016,2299,437.2,263.33,1005122.8,605395.67,399727.13
Middle East and North Africa,Israel,Household,Offline,M,9/25/2013,661021888,10/5/2013,9921,668.27,502.54,6629906.67,4985699.34,1644207.33
Sub-Saharan Africa,Djibouti,Vegetables,Online,H,6/3/2013,950724923,6/10/2013,9487,154.06,90.93,1461567.22,862652.91,598914.31
Asia,Cambodia,Cosmetics,Online,H,6/12/2010,628668010,6/28/2010,5689,437.2,263.33,2487230.8,1498084.37,989146.43
Middle East and North Africa,Afghanistan,Baby Food,Offline,L,12/24/2015,662087476,12/25/2015,5252,255.28,159.42,1340730.56,837273.84,503456.72
Central America and the Caribbean,El Salvador,Snacks,Offline,C,10/2/2015,288532149,10/16/2015,1930,152.58,97.44,294479.4,188059.2,106420.2
Sub-Saharan Africa,Equatorial Guinea,Cosmetics,Online,M,9/14/2011,165863358,10/5/2011,1508,437.2,263.33,659297.6,397101.64,262195.96
Europe,Estonia,Beverages,Offline,C,8/18/2010,122254931,9/11/2010,6806,47.45,31.79,322944.7,216362.74,106581.96
Asia,North Korea,Office Supplies,Online,H,10/23/2012,506193196,12/4/2012,2670,651.21,524.96,1738730.7,1401643.2,337087.5
Australia and Oceania,Australia,Office Supplies,Offline,L,10/25/2015,836476981,11/22/2015,982,651.21,524.96,639488.22,515510.72,123977.5
Sub-Saharan Africa,Sudan,Cosmetics,Online,L,9/12/2010,252217614,9/13/2010,5652,437.2,263.33,2471054.4,1488341.16,982713.24
Middle East and North Africa,Yemen,Fruits,Online,L,1/29/2016,662838923,2/18/2016,7622,9.33,6.92,71113.26,52744.24,18369.02
Europe,Austria,Household,Online,M,10/15/2013,898077237,10/17/2013,9867,668.27,502.54,6593820.09,4958562.18,1635257.91
Central America and the Caribbean,The Bahamas,Clothes,Offline,L,3/22/2013,757981383,3/30/2013,2390,109.28,35.84,261179.2,85657.6,175521.6
Central America and the Caribbean,Costa Rica,Personal Care,Online,H,4/7/2017,562912690,4/15/2017,7229,81.73,56.67,590826.17,409667.43,181158.74
Middle East and North Africa,Oman,Vegetables,Online,L,12/10/2010,703544986,12/22/2010,3450,154.06,90.93,531507,313708.5,217798.5
Europe,Andorra,Snacks,Online,C,8/17/2010,290864598,9/30/2010,2153,152.58,97.44,328504.74,209788.32,118716.42
Australia and Oceania,Australia,Baby Food,Online,C,10/30/2014,306170356,11/12/2014,1467,255.28,159.42,374495.76,233869.14,140626.62
Middle East and North Africa,Morocco,Personal Care,Offline,L,7/21/2015,451073586,9/7/2015,1553,81.73,56.67,126926.69,88008.51,38918.18
Central America and the Caribbean,El Salvador,Meat,Offline,C,3/22/2017,497498118,3/29/2017,9604,421.89,364.69,4051831.56,3502482.76,549348.8
Europe,Macedonia,Cosmetics,Online,M,3/9/2010,737680280,3/29/2010,4843,437.2,263.33,2117359.6,1275307.19,842052.41
Europe,Luxembourg,Vegetables,Offline,M,5/10/2012,634168899,5/11/2012,3525,154.06,90.93,543061.5,320528.25,222533.25
Middle East and North Africa,Libya,Office Supplies,Offline,H,6/3/2012,169825303,6/30/2012,3936,651.21,524.96,2563162.56,2066242.56,496920
Sub-Saharan Africa,Malawi,Beverages,Online,M,7/1/2011,297823321,7/15/2011,1394,47.45,31.79,66145.3,44315.26,21830.04
Asia,Tajikistan,Baby Food,Offline,M,10/5/2011,691649281,11/17/2011,3247,255.28,159.42,828894.16,517636.74,311257.42
Europe,Montenegro,Cereal,Offline,M,8/31/2012,195102012,9/29/2012,3876,205.7,117.11,797293.2,453918.36,343374.84
Australia and Oceania,New Zealand,Fruits,Offline,C,9/26/2014,872292840,10/1/2014,9690,9.33,6.92,90407.7,67054.8,23352.9
Middle East and North Africa,Tunisia ,Clothes,Offline,H,10/9/2015,357645595,11/19/2015,4134,109.28,35.84,451763.52,148162.56,303600.96
Sub-Saharan Africa,Kenya,Office Supplies,Online,C,8/21/2014,405896604,9/6/2014,2680,651.21,524.96,1745242.8,1406892.8,338350
Europe,Luxembourg,Office Supplies,Online,M,1/18/2015,142094695,1/23/2015,7833,651.21,524.96,5100927.93,4112011.68,988916.25
Sub-Saharan Africa,Sudan,Office Supplies,Online,H,3/19/2014,111601197,4/28/2014,4129,651.21,524.96,2688846.09,2167559.84,521286.25
Europe,Finland,Vegetables,Online,M,3/11/2014,930089938,4/24/2014,3136,154.06,90.93,483132.16,285156.48,197975.68
Sub-Saharan Africa,Mauritius ,Clothes,Online,M,7/14/2010,133547246,7/15/2010,8453,109.28,35.84,923743.84,302955.52,620788.32
Sub-Saharan Africa,Cote d'Ivoire,Meat,Offline,C,3/21/2011,728271949,4/27/2011,708,421.89,364.69,298698.12,258200.52,40497.6
Europe,Italy,Baby Food,Online,M,2/20/2010,840875375,3/31/2010,2564,255.28,159.42,654537.92,408752.88,245785.04
Europe,Slovakia,Clothes,Online,C,8/13/2013,468281352,9/13/2013,3713,109.28,35.84,405756.64,133073.92,272682.72
Central America and the Caribbean,Nicaragua,Cosmetics,Online,M,11/20/2013,127726209,11/23/2013,5878,437.2,263.33,2569861.6,1547853.74,1022007.86
Sub-Saharan Africa,Madagascar,Personal Care,Offline,C,8/13/2015,406758773,9/15/2015,7815,81.73,56.67,638719.95,442876.05,195843.9
Sub-Saharan Africa,Seychelles ,Fruits,Online,C,12/15/2016,613240373,12/24/2016,309,9.33,6.92,2882.97,2138.28,744.69
Asia,Myanmar,Vegetables,Offline,C,5/5/2013,125344836,5/17/2013,1177,154.06,90.93,181328.62,107024.61,74304.01
Central America and the Caribbean,Nicaragua,Snacks,Online,M,6/1/2016,641558492,7/3/2016,269,152.58,97.44,41044.02,26211.36,14832.66
Asia,India,Beverages,Offline,H,5/20/2012,330680167,5/20/2012,4465,47.45,31.79,211864.25,141942.35,69921.9
Sub-Saharan Africa,Djibouti,Office Supplies,Offline,L,3/26/2011,581821191,4/5/2011,2675,651.21,524.96,1741986.75,1404268,337718.75
Central America and the Caribbean,Antigua and Barbuda ,Fruits,Offline,M,8/26/2012,154405391,10/9/2012,841,9.33,6.92,7846.53,5819.72,2026.81
Middle East and North Africa,Oman,Cereal,Online,H,5/29/2017,128169095,7/13/2017,6938,205.7,117.11,1427146.6,812509.18,614637.42
Sub-Saharan Africa,Namibia,Clothes,Online,C,12/16/2015,753161132,2/2/2016,5971,109.28,35.84,652510.88,214000.64,438510.24
Europe,Kosovo,Clothes,Offline,C,12/22/2014,999742829,2/9/2015,4975,109.28,35.84,543668,178304,365364
Europe,Austria,Clothes,Online,H,11/4/2010,808588016,12/7/2010,8017,109.28,35.84,876097.76,287329.28,588768.48
Sub-Saharan Africa,Malawi,Baby Food,Offline,C,2/25/2016,640683019,4/14/2016,1197,255.28,159.42,305570.16,190825.74,114744.42
Central America and the Caribbean,Grenada,Cosmetics,Online,H,6/24/2010,127326667,7/26/2010,7645,437.2,263.33,3342394,2013157.85,1329236.15
Middle East and North Africa,Syria,Office Supplies,Offline,M,4/30/2012,320130288,6/1/2012,2521,651.21,524.96,1641700.41,1323424.16,318276.25
Sub-Saharan Africa,Cape Verde,Baby Food,Offline,L,10/10/2014,541017711,11/18/2014,8018,255.28,159.42,2046835.04,1278229.56,768605.48
Sub-Saharan Africa,Lesotho,Beverages,Online,M,12/10/2011,632225263,12/11/2011,8360,47.45,31.79,396682,265764.4,130917.6
Sub-Saharan Africa,Ethiopia,Personal Care,Offline,C,5/22/2010,506301772,6/1/2010,4800,81.73,56.67,392304,272016,120288
Sub-Saharan Africa,Comoros,Personal Care,Online,M,2/28/2010,596108567,3/19/2010,627,81.73,56.67,51244.71,35532.09,15712.62
Middle East and North Africa,Israel,Fruits,Offline,M,2/29/2016,504819476,3/18/2016,6156,9.33,6.92,57435.48,42599.52,14835.96
Central America and the Caribbean,Cuba,Cereal,Offline,L,8/21/2011,355920827,9/1/2011,3737,205.7,117.11,768700.9,437640.07,331060.83
Sub-Saharan Africa,Burundi,Baby Food,Online,H,12/21/2014,343211448,2/2/2015,2749,255.28,159.42,701764.72,438245.58,263519.14
Middle East and North Africa,Jordan,Household,Offline,L,5/1/2015,280802667,5/18/2015,4604,668.27,502.54,3076715.08,2313694.16,763020.92
Middle East and North Africa,Egypt,Household,Offline,C,4/19/2014,953118312,5/18/2014,7744,668.27,502.54,5175082.88,3891669.76,1283413.12
Central America and the Caribbean,Dominican Republic,Meat,Offline,C,7/12/2014,964894711,8/18/2014,2642,421.89,364.69,1114633.38,963510.98,151122.4
Sub-Saharan Africa,Mauritania,Clothes,Offline,C,12/13/2015,791180694,1/17/2016,6804,109.28,35.84,743541.12,243855.36,499685.76
Asia,Mongolia,Household,Online,M,12/25/2011,527337586,1/28/2012,9765,668.27,502.54,6525656.55,4907303.1,1618353.45
Asia,Kazakhstan,Personal Care,Online,C,1/17/2016,339039218,2/16/2016,8094,81.73,56.67,661522.62,458686.98,202835.64
Middle East and North Africa,Pakistan,Household,Offline,M,5/1/2012,912271916,6/5/2012,388,668.27,502.54,259288.76,194985.52,64303.24
North America,Greenland,Cereal,Online,M,8/10/2012,303334510,9/26/2012,2277,205.7,117.11,468378.9,266659.47,201719.43
Sub-Saharan Africa,Malawi,Beverages,Offline,C,7/20/2014,688838326,8/16/2014,1423,47.45,31.79,67521.35,45237.17,22284.18
Middle East and North Africa,Oman,Cereal,Online,L,2/13/2013,715707194,3/13/2013,2518,205.7,117.11,517952.6,294882.98,223069.62
Sub-Saharan Africa,Sudan,Personal Care,Online,L,12/1/2011,451177442,12/14/2011,2286,81.73,56.67,186834.78,129547.62,57287.16
Middle East and North Africa,Yemen,Cosmetics,Online,L,10/25/2011,932797896,11/28/2011,4481,437.2,263.33,1959093.2,1179981.73,779111.47
Sub-Saharan Africa,Gabon,Personal Care,Offline,L,10/3/2014,118429887,10/8/2014,4890,81.73,56.67,399659.7,277116.3,122543.4
Asia,Singapore,Personal Care,Offline,C,5/21/2012,536247241,6/22/2012,6330,81.73,56.67,517350.9,358721.1,158629.8
Australia and Oceania,Samoa ,Personal Care,Online,C,7/25/2012,734736287,8/24/2012,3650,81.73,56.67,298314.5,206845.5,91469
Europe,Lithuania,Fruits,Online,M,11/8/2012,232695853,11/13/2012,8729,9.33,6.92,81441.57,60404.68,21036.89
Europe,Finland,Beverages,Online,H,11/20/2011,869237267,12/16/2011,5479,47.45,31.79,259978.55,174177.41,85801.14
Asia,Philippines,Cereal,Offline,C,2/17/2013,953784358,4/7/2013,4842,205.7,117.11,995999.4,567046.62,428952.78
Sub-Saharan Africa,Uganda,Snacks,Offline,M,7/28/2013,216073453,9/10/2013,9791,152.58,97.44,1493910.78,954035.04,539875.74
Europe,Greece,Meat,Online,C,1/9/2015,256153380,1/27/2015,332,421.89,364.69,140067.48,121077.08,18990.4
Australia and Oceania,Papua New Guinea,Cosmetics,Online,C,10/20/2012,494385468,12/5/2012,8501,437.2,263.33,3716637.2,2238568.33,1478068.87
Central America and the Caribbean,Honduras,Beverages,Online,L,8/26/2014,421443545,10/1/2014,3365,47.45,31.79,159669.25,106973.35,52695.9
Asia,Mongolia,Personal Care,Online,C,3/23/2014,948313939,4/2/2014,6023,81.73,56.67,492259.79,341323.41,150936.38
North America,Mexico,Cosmetics,Offline,C,1/12/2010,356295478,2/13/2010,4604,437.2,263.33,2012868.8,1212371.32,800497.48
Asia,North Korea,Meat,Online,L,10/19/2016,146999490,11/12/2016,9271,421.89,364.69,3911342.19,3381040.99,530301.2
Asia,Kyrgyzstan,Fruits,Online,H,3/24/2016,992349803,3/25/2016,7214,9.33,6.92,67306.62,49920.88,17385.74
Sub-Saharan Africa,Zimbabwe,Baby Food,Offline,L,10/24/2013,484582746,12/3/2013,7658,255.28,159.42,1954934.24,1220838.36,734095.88
Europe,Georgia,Meat,Online,C,4/28/2012,786247146,4/30/2012,6857,421.89,364.69,2892899.73,2500679.33,392220.4
Australia and Oceania,Tonga,Cereal,Offline,C,8/5/2015,980204331,8/23/2015,3099,205.7,117.11,637464.3,362923.89,274540.41
Sub-Saharan Africa,Niger,Vegetables,Offline,H,2/27/2017,219628131,3/2/2017,1699,154.06,90.93,261747.94,154490.07,107257.87
Sub-Saharan Africa,Mali,Office Supplies,Offline,M,8/19/2011,878004872,9/26/2011,8,651.21,524.96,5209.68,4199.68,1010
Middle East and North Africa,Kuwait,Household,Offline,L,8/10/2013,899133384,9/17/2013,2404,668.27,502.54,1606521.08,1208106.16,398414.92
Middle East and North Africa,Israel,Fruits,Offline,L,1/16/2016,547124993,2/21/2016,5299,9.33,6.92,49439.67,36669.08,12770.59
Europe,Georgia,Office Supplies,Offline,M,9/23/2016,156403529,9/23/2016,2135,651.21,524.96,1390333.35,1120789.6,269543.75
Middle East and North Africa,Bahrain,Beverages,Offline,M,7/16/2014,581705319,7/30/2014,8386,47.45,31.79,397915.7,266590.94,131324.76
Europe,San Marino,Beverages,Offline,M,3/7/2013,948079192,4/24/2013,6556,47.45,31.79,311082.2,208415.24,102666.96
Asia,North Korea,Fruits,Offline,M,6/10/2017,900886476,7/15/2017,1183,9.33,6.92,11037.39,8186.36,2851.03
Asia,Bhutan,Household,Online,H,3/26/2014,155800998,5/14/2014,3832,668.27,502.54,2560810.64,1925733.28,635077.36
Europe,Kosovo,Snacks,Online,L,4/2/2014,748809087,4/27/2014,8104,152.58,97.44,1236508.32,789653.76,446854.56
Central America and the Caribbean,Haiti,Meat,Offline,L,4/30/2010,286209571,6/7/2010,4627,421.89,364.69,1952085.03,1687420.63,264664.4
Australia and Oceania,Tuvalu,Cereal,Offline,L,7/4/2011,494613778,7/27/2011,6063,205.7,117.11,1247159.1,710037.93,537121.17
Middle East and North Africa,Oman,Fruits,Online,C,7/12/2016,470945537,7/19/2016,2105,9.33,6.92,19639.65,14566.6,5073.05
Sub-Saharan Africa,Tanzania,Fruits,Offline,H,1/23/2010,732441174,2/22/2010,4475,9.33,6.92,41751.75,30967,10784.75
Asia,Bangladesh,Personal Care,Offline,H,12/1/2011,966649520,12/17/2011,1929,81.73,56.67,157657.17,109316.43,48340.74
Europe,Lithuania,Fruits,Online,C,9/2/2012,481431901,9/10/2012,5253,9.33,6.92,49010.49,36350.76,12659.73
Europe,Italy,Personal Care,Online,L,5/3/2015,454962146,6/6/2015,2264,81.73,56.67,185036.72,128300.88,56735.84
Asia,Mongolia,Personal Care,Online,C,5/28/2016,785726583,7/2/2016,2811,81.73,56.67,229743.03,159299.37,70443.66
Asia,North Korea,Vegetables,Offline,M,3/26/2017,542524039,5/7/2017,3774,154.06,90.93,581422.44,343169.82,238252.62
Sub-Saharan Africa,Republic of the Congo,Clothes,Offline,L,8/27/2012,214465844,10/15/2012,4064,109.28,35.84,444113.92,145653.76,298460.16
Sub-Saharan Africa,Zimbabwe,Household,Online,H,7/8/2017,360975825,8/13/2017,9623,668.27,502.54,6430762.21,4835942.42,1594819.79
Europe,Greece,Snacks,Offline,C,6/5/2017,261790311,7/24/2017,8425,152.58,97.44,1285486.5,820932,464554.5
Middle East and North Africa,Bahrain,Cereal,Online,L,6/3/2010,166958129,6/25/2010,5475,205.7,117.11,1126207.5,641177.25,485030.25
Europe,Cyprus,Snacks,Online,M,10/1/2010,846840608,10/1/2010,7809,152.58,97.44,1191497.22,760908.96,430588.26
Middle East and North Africa,Oman,Snacks,Offline,C,10/16/2014,442111575,11/5/2014,9495,152.58,97.44,1448747.1,925192.8,523554.3
Asia,Uzbekistan,Office Supplies,Offline,M,5/31/2012,313757359,6/29/2012,6630,651.21,524.96,4317522.3,3480484.8,837037.5
Sub-Saharan Africa,Gabon,Baby Food,Offline,L,6/29/2013,993076789,7/13/2013,2345,255.28,159.42,598631.6,373839.9,224791.7
Central America and the Caribbean,Honduras,Snacks,Online,H,10/24/2013,831681191,11/16/2013,1801,152.58,97.44,274796.58,175489.44,99307.14
Sub-Saharan Africa,Cape Verde,Vegetables,Offline,M,1/6/2014,951494395,2/22/2014,7191,154.06,90.93,1107845.46,653877.63,453967.83
Sub-Saharan Africa,Mauritania,Office Supplies,Offline,H,10/22/2015,294752728,11/25/2015,2737,651.21,524.96,1782361.77,1436815.52,345546.25
Middle East and North Africa,Oman,Fruits,Online,C,8/4/2010,574005019,8/30/2010,9696,9.33,6.92,90463.68,67096.32,23367.36
Asia,China,Beverages,Online,L,7/26/2013,422112596,8/20/2013,1352,47.45,31.79,64152.4,42980.08,21172.32
Sub-Saharan Africa,Gabon,Fruits,Online,C,6/27/2014,342249286,7/19/2014,8024,9.33,6.92,74863.92,55526.08,19337.84
Sub-Saharan Africa,Malawi,Cereal,Offline,M,9/29/2011,457901418,10/20/2011,2060,205.7,117.11,423742,241246.6,182495.4
Australia and Oceania,Papua New Guinea,Cosmetics,Offline,H,2/25/2016,962867820,3/12/2016,2840,437.2,263.33,1241648,747857.2,493790.8
Australia and Oceania,Marshall Islands,Fruits,Offline,H,11/14/2016,771259820,11/26/2016,1775,9.33,6.92,16560.75,12283,4277.75
Sub-Saharan Africa,Madagascar,Beverages,Offline,L,6/30/2015,667501246,7/3/2015,7307,47.45,31.79,346717.15,232289.53,114427.62
Europe,Sweden,Personal Care,Online,H,8/31/2014,156328427,10/18/2014,9910,81.73,56.67,809944.3,561599.7,248344.6
Europe,Luxembourg,Beverages,Online,M,4/27/2014,612790191,6/8/2014,7090,47.45,31.79,336420.5,225391.1,111029.4
Sub-Saharan Africa,Kenya,Cereal,Online,M,6/13/2015,332247865,7/26/2015,8381,205.7,117.11,1723971.7,981498.91,742472.79
Middle East and North Africa,Somalia,Meat,Online,M,4/28/2016,380375277,6/17/2016,352,421.89,364.69,148505.28,128370.88,20134.4
Europe,Czech Republic,Fruits,Offline,H,4/15/2016,543158757,5/8/2016,1601,9.33,6.92,14937.33,11078.92,3858.41
Australia and Oceania,Nauru,Household,Offline,C,12/15/2011,676897132,12/25/2011,7758,668.27,502.54,5184438.66,3898705.32,1285733.34
Australia and Oceania,Marshall Islands,Household,Online,C,2/25/2016,258201730,3/22/2016,6485,668.27,502.54,4333730.95,3258971.9,1074759.05
Europe,Serbia,Fruits,Offline,H,4/8/2016,633996379,4/26/2016,2472,9.33,6.92,23063.76,17106.24,5957.52
Sub-Saharan Africa,Burkina Faso,Vegetables,Offline,C,11/25/2015,971517407,11/28/2015,2445,154.06,90.93,376676.7,222323.85,154352.85
Asia,Bangladesh,Clothes,Offline,M,12/4/2015,508313643,1/4/2016,158,109.28,35.84,17266.24,5662.72,11603.52
Sub-Saharan Africa,Niger,Cosmetics,Online,H,9/15/2010,802246415,10/3/2010,1397,437.2,263.33,610768.4,367872.01,242896.39
Australia and Oceania,Fiji,Office Supplies,Online,H,8/14/2014,781489551,8/31/2014,8979,651.21,524.96,5847214.59,4713615.84,1133598.75
Australia and Oceania,New Zealand,Snacks,Online,H,10/16/2012,794529378,12/2/2012,7754,152.58,97.44,1183105.32,755549.76,427555.56
Australia and Oceania,New Zealand,Fruits,Online,H,5/15/2010,360164725,5/25/2010,9601,9.33,6.92,89577.33,66438.92,23138.41
Sub-Saharan Africa,Seychelles ,Snacks,Online,L,7/18/2013,417506921,8/15/2013,8431,152.58,97.44,1286401.98,821516.64,464885.34
Australia and Oceania,Vanuatu,Cereal,Offline,M,8/29/2010,175979793,9/2/2010,5186,205.7,117.11,1066760.2,607332.46,459427.74
Central America and the Caribbean,Dominica,Cosmetics,Offline,C,10/29/2013,265319669,11/9/2013,2841,437.2,263.33,1242085.2,748120.53,493964.67
Middle East and North Africa,Qatar,Office Supplies,Online,H,4/19/2017,485575377,4/25/2017,1400,651.21,524.96,911694,734944,176750
Europe,Monaco,Snacks,Online,H,5/21/2016,257108247,6/2/2016,2899,152.58,97.44,442329.42,282478.56,159850.86
Asia,Mongolia,Personal Care,Online,C,4/6/2011,870592105,5/14/2011,6405,81.73,56.67,523480.65,362971.35,160509.3
Australia and Oceania,Nauru,Meat,Online,H,9/21/2010,537013280,9/26/2010,3018,421.89,364.69,1273264.02,1100634.42,172629.6
Middle East and North Africa,Pakistan,Personal Care,Offline,H,4/14/2013,237670600,5/12/2013,867,81.73,56.67,70859.91,49132.89,21727.02
Australia and Oceania,Nauru,Meat,Online,C,12/12/2010,574175393,1/11/2011,113,421.89,364.69,47673.57,41209.97,6463.6
Central America and the Caribbean,Dominican Republic,Cosmetics,Online,M,9/16/2015,418451488,10/10/2015,7949,437.2,263.33,3475302.8,2093210.17,1382092.63
Europe,San Marino,Cereal,Offline,H,5/5/2010,962735211,6/10/2010,3598,205.7,117.11,740108.6,421361.78,318746.82
Europe,France,Snacks,Online,L,10/6/2012,769575393,11/7/2012,3315,152.58,97.44,505802.7,323013.6,182789.1
Sub-Saharan Africa,Namibia,Baby Food,Online,L,8/30/2011,721833360,10/7/2011,5387,255.28,159.42,1375193.36,858795.54,516397.82
Australia and Oceania,Fiji,Beverages,Offline,M,9/21/2015,872682940,10/12/2015,5130,47.45,31.79,243418.5,163082.7,80335.8
Central America and the Caribbean,The Bahamas,Baby Food,Offline,C,12/23/2011,895610463,1/3/2012,9893,255.28,159.42,2525485.04,1577142.06,948342.98
Asia,Brunei,Meat,Online,M,1/10/2015,534414756,2/5/2015,4057,421.89,364.69,1711607.73,1479547.33,232060.4
Europe,Romania,Meat,Offline,L,4/1/2010,953207147,5/16/2010,4032,421.89,364.69,1701060.48,1470430.08,230630.4
Europe,Switzerland,Fruits,Online,L,8/3/2010,686411464,9/11/2010,3261,9.33,6.92,30425.13,22566.12,7859.01
Central America and the Caribbean,Guatemala,Personal Care,Offline,H,11/29/2014,588764035,1/8/2015,7217,81.73,56.67,589845.41,408987.39,180858.02
Central America and the Caribbean,Haiti,Household,Offline,M,10/15/2011,685313689,11/2/2011,8405,668.27,502.54,5616809.35,4223848.7,1392960.65
Europe,Andorra,Fruits,Offline,C,7/27/2013,621421754,8/4/2013,1361,9.33,6.92,12698.13,9418.12,3280.01
Sub-Saharan Africa,Equatorial Guinea,Cosmetics,Offline,H,9/30/2014,112762057,11/2/2014,7653,437.2,263.33,3345891.6,2015264.49,1330627.11
Asia,China,Cereal,Online,H,11/14/2010,295320928,12/11/2010,880,205.7,117.11,181016,103056.8,77959.2
Central America and the Caribbean,Barbados,Household,Online,C,6/26/2017,575397193,7/12/2017,1671,668.27,502.54,1116679.17,839744.34,276934.83
Central America and the Caribbean,Trinidad and Tobago,Meat,Offline,M,5/6/2013,879602181,6/11/2013,2687,421.89,364.69,1133618.43,979922.03,153696.4
Asia,Brunei,Baby Food,Online,H,5/4/2012,304859721,5/15/2012,3621,255.28,159.42,924368.88,577259.82,347109.06
Middle East and North Africa,Pakistan,Personal Care,Offline,C,4/13/2014,268406140,5/17/2014,6196,81.73,56.67,506399.08,351127.32,155271.76
Middle East and North Africa,Yemen,Household,Online,L,4/5/2016,457790267,5/3/2016,9168,668.27,502.54,6126699.36,4607286.72,1519412.64
Asia,Cambodia,Office Supplies,Online,H,6/7/2016,180873429,7/12/2016,3322,651.21,524.96,2163319.62,1743917.12,419402.5
Sub-Saharan Africa,Ethiopia,Baby Food,Offline,L,3/25/2010,615829455,4/28/2010,6476,255.28,159.42,1653193.28,1032403.92,620789.36
Central America and the Caribbean,Grenada,Office Supplies,Online,L,11/13/2016,761144673,11/28/2016,8478,651.21,524.96,5520958.38,4450610.88,1070347.5
Asia,Turkmenistan,Beverages,Offline,C,12/25/2014,585617911,1/5/2015,6209,47.45,31.79,294617.05,197384.11,97232.94
Sub-Saharan Africa,Guinea,Fruits,Online,H,7/22/2014,578360497,8/5/2014,8579,9.33,6.92,80042.07,59366.68,20675.39
Europe,Finland,Vegetables,Online,M,4/13/2015,398796260,4/18/2015,1530,154.06,90.93,235711.8,139122.9,96588.9
Central America and the Caribbean,Belize,Snacks,Offline,H,5/7/2010,226661527,6/7/2010,3038,152.58,97.44,463538.04,296022.72,167515.32
Central America and the Caribbean,The Bahamas,Personal Care,Online,M,12/7/2012,312005126,12/31/2012,8105,81.73,56.67,662421.65,459310.35,203111.3
Europe,Bulgaria,Cosmetics,Online,M,7/28/2014,525188386,8/28/2014,3769,437.2,263.33,1647806.8,992490.77,655316.03
Middle East and North Africa,Libya,Cosmetics,Offline,L,8/21/2011,806885135,9/26/2011,4097,437.2,263.33,1791208.4,1078863.01,712345.39
North America,Greenland,Beverages,Offline,M,9/21/2016,718081700,10/30/2016,5187,47.45,31.79,246123.15,164894.73,81228.42
Australia and Oceania,Palau,Baby Food,Offline,L,12/24/2016,790076911,1/17/2017,170,255.28,159.42,43397.6,27101.4,16296.2
Asia,North Korea,Meat,Online,H,10/9/2015,274482095,11/21/2015,4206,421.89,364.69,1774469.34,1533886.14,240583.2
Sub-Saharan Africa,Gabon,Snacks,Offline,M,9/25/2013,293221080,10/28/2013,9488,152.58,97.44,1447679.04,924510.72,523168.32
Sub-Saharan Africa,Uganda,Baby Food,Offline,M,7/27/2012,688530194,9/10/2012,240,255.28,159.42,61267.2,38260.8,23006.4
Sub-Saharan Africa,Ethiopia,Fruits,Offline,M,4/9/2011,472958266,4/28/2011,7716,9.33,6.92,71990.28,53394.72,18595.56
Europe,Liechtenstein,Vegetables,Online,H,6/12/2017,979366624,6/20/2017,5203,154.06,90.93,801574.18,473108.79,328465.39
Europe,Iceland,Meat,Offline,L,4/15/2013,910929095,4/18/2013,3017,421.89,364.69,1272842.13,1100269.73,172572.4
Asia,Mongolia,Fruits,Offline,M,4/29/2012,391132009,5/7/2012,3508,9.33,6.92,32729.64,24275.36,8454.28
Europe,Croatia,Personal Care,Offline,M,3/26/2010,513774192,4/12/2010,6055,81.73,56.67,494875.15,343136.85,151738.3
Sub-Saharan Africa,The Gambia,Baby Food,Online,L,4/26/2011,192966973,5/31/2011,2070,255.28,159.42,528429.6,329999.4,198430.2
Europe,Slovakia,Vegetables,Offline,L,2/28/2017,213134181,3/5/2017,9995,154.06,90.93,1539829.7,908845.35,630984.35
Europe,San Marino,Beverages,Offline,M,4/12/2015,979012143,5/20/2015,304,47.45,31.79,14424.8,9664.16,4760.64
Asia,Maldives,Fruits,Online,M,2/28/2013,265649688,3/26/2013,501,9.33,6.92,4674.33,3466.92,1207.41
North America,Greenland,Household,Online,L,10/24/2011,868408143,11/23/2011,122,668.27,502.54,81528.94,61309.88,20219.06
Europe,Spain,Household,Offline,H,1/28/2017,252961337,3/17/2017,5736,668.27,502.54,3833196.72,2882569.44,950627.28
Europe,Slovenia,Cosmetics,Online,M,2/21/2013,905295598,4/1/2013,5940,437.2,263.33,2596968,1564180.2,1032787.8
Europe,Monaco,Meat,Online,L,10/10/2011,881709754,10/13/2011,6365,421.89,364.69,2685329.85,2321251.85,364078
Asia,Vietnam,Personal Care,Online,H,8/27/2010,558815133,8/29/2010,4671,81.73,56.67,381760.83,264705.57,117055.26
Sub-Saharan Africa,Mali,Personal Care,Offline,H,4/25/2012,383535563,6/1/2012,5551,81.73,56.67,453683.23,314575.17,139108.06
North America,Canada,Fruits,Online,M,10/13/2012,423107373,11/3/2012,5729,9.33,6.92,53451.57,39644.68,13806.89
Sub-Saharan Africa,Madagascar,Office Supplies,Offline,L,12/6/2012,815079391,12/12/2012,8959,651.21,524.96,5834190.39,4703116.64,1131073.75
Australia and Oceania,Samoa ,Beverages,Offline,H,9/15/2014,417312943,9/23/2014,1028,47.45,31.79,48778.6,32680.12,16098.48
Sub-Saharan Africa,Mozambique,Office Supplies,Online,C,4/27/2017,857981860,5/28/2017,4754,651.21,524.96,3095852.34,2495659.84,600192.5
Asia,Bhutan,Vegetables,Offline,M,6/29/2013,685572469,8/10/2013,4983,154.06,90.93,767680.98,453104.19,314576.79
Central America and the Caribbean,Belize,Office Supplies,Offline,M,12/5/2015,318883597,1/18/2016,3598,651.21,524.96,2343053.58,1888806.08,454247.5
Europe,Netherlands,Beverages,Online,L,9/6/2015,697026574,9/13/2015,4508,47.45,31.79,213904.6,143309.32,70595.28
Australia and Oceania,Nauru,Vegetables,Offline,H,3/26/2016,129425227,5/4/2016,8656,154.06,90.93,1333543.36,787090.08,546453.28
Europe,Czech Republic,Clothes,Online,L,7/23/2014,145815885,7/31/2014,9015,109.28,35.84,985159.2,323097.6,662061.6
Middle East and North Africa,Azerbaijan,Personal Care,Online,L,6/22/2012,546247375,7/15/2012,5592,81.73,56.67,457034.16,316898.64,140135.52
Australia and Oceania,Nauru,Clothes,Offline,C,11/14/2012,751081025,11/20/2012,421,109.28,35.84,46006.88,15088.64,30918.24
Central America and the Caribbean,Guatemala,Meat,Online,M,12/2/2015,250990664,12/19/2015,2570,421.89,364.69,1084257.3,937253.3,147004
Sub-Saharan Africa,Swaziland,Household,Offline,L,4/9/2015,856962621,5/8/2015,3138,668.27,502.54,2097031.26,1576970.52,520060.74
Australia and Oceania,Papua New Guinea,Cosmetics,Offline,C,1/4/2017,850295722,1/6/2017,254,437.2,263.33,111048.8,66885.82,44162.98
Sub-Saharan Africa,Zimbabwe,Clothes,Online,L,2/20/2013,832601296,3/5/2013,4081,109.28,35.84,445971.68,146263.04,299708.64
Middle East and North Africa,Iraq,Fruits,Online,H,8/30/2015,575803172,9/23/2015,1809,9.33,6.92,16877.97,12518.28,4359.69
Asia,Philippines,Fruits,Online,H,12/2/2014,372137677,12/13/2014,2663,9.33,6.92,24845.79,18427.96,6417.83
Europe,Luxembourg,Office Supplies,Offline,L,9/5/2013,584153640,10/14/2013,2898,651.21,524.96,1887206.58,1521334.08,365872.5
Sub-Saharan Africa,Equatorial Guinea,Cereal,Offline,C,10/12/2015,294712388,11/17/2015,800,205.7,117.11,164560,93688,70872
Asia,Myanmar,Clothes,Online,C,10/4/2014,456987750,10/21/2014,1685,109.28,35.84,184136.8,60390.4,123746.4
Europe,Iceland,Clothes,Online,L,10/17/2012,744466054,10/30/2012,2904,109.28,35.84,317349.12,104079.36,213269.76
Sub-Saharan Africa,Swaziland,Meat,Online,M,12/1/2016,900946128,1/11/2017,8835,421.89,364.69,3727398.15,3222036.15,505362
Sub-Saharan Africa,Mauritius ,Snacks,Offline,H,7/2/2012,290539300,8/3/2012,5890,152.58,97.44,898696.2,573921.6,324774.6
Sub-Saharan Africa,Equatorial Guinea,Fruits,Online,M,6/29/2012,147669398,7/4/2012,7511,9.33,6.92,70077.63,51976.12,18101.51
Asia,Taiwan,Meat,Offline,H,10/5/2015,427072751,11/17/2015,9172,421.89,364.69,3869575.08,3344936.68,524638.4
Sub-Saharan Africa,Mali,Personal Care,Offline,C,11/13/2010,253798186,11/29/2010,3378,81.73,56.67,276083.94,191431.26,84652.68
Central America and the Caribbean,Barbados,Office Supplies,Online,C,3/5/2010,173207032,3/14/2010,4665,651.21,524.96,3037894.65,2448938.4,588956.25
Europe,Vatican City,Beverages,Offline,L,9/26/2015,800973117,11/10/2015,4600,47.45,31.79,218270,146234,72036
Sub-Saharan Africa,Democratic Republic of the Congo,Meat,Online,H,7/14/2015,573082768,7/21/2015,6781,421.89,364.69,2860836.09,2472962.89,387873.2
Central America and the Caribbean,Costa Rica,Cereal,Offline,M,7/17/2017,695834815,8/8/2017,1840,205.7,117.11,378488,215482.4,163005.6
Europe,Italy,Baby Food,Online,M,8/28/2015,195840585,9/23/2015,2436,255.28,159.42,621862.08,388347.12,233514.96
Sub-Saharan Africa,South Africa,Beverages,Online,C,3/13/2016,870023906,4/26/2016,8262,47.45,31.79,392031.9,262648.98,129382.92
Central America and the Caribbean,Haiti,Cereal,Online,H,5/28/2011,535621106,6/12/2011,1043,205.7,117.11,214545.1,122145.73,92399.37
Central America and the Caribbean,Dominican Republic,Baby Food,Online,L,7/5/2013,680181014,7/22/2013,9532,255.28,159.42,2433328.96,1519591.44,913737.52
Sub-Saharan Africa,Cape Verde,Clothes,Online,L,2/4/2013,611564958,3/16/2013,4516,109.28,35.84,493508.48,161853.44,331655.04
Middle East and North Africa,Egypt,Personal Care,Online,C,3/3/2013,607946765,3/14/2013,3813,81.73,56.67,311636.49,216082.71,95553.78
Middle East and North Africa,Iraq,Personal Care,Online,L,3/26/2010,567812764,4/19/2010,7270,81.73,56.67,594177.1,411990.9,182186.2
Europe,Albania,Household,Online,L,3/15/2013,459961783,3/23/2013,1768,668.27,502.54,1181501.36,888490.72,293010.64
Sub-Saharan Africa,Sudan,Beverages,Online,L,12/4/2016,773505151,12/12/2016,6218,47.45,31.79,295044.1,197670.22,97373.88
Sub-Saharan Africa,Niger,Cereal,Offline,C,7/8/2013,267866694,7/12/2013,6562,205.7,117.11,1349803.4,768475.82,581327.58
Sub-Saharan Africa,Rwanda,Baby Food,Online,M,4/25/2011,922782742,6/6/2011,775,255.28,159.42,197842,123550.5,74291.5
Asia,China,Vegetables,Online,C,12/2/2015,288302123,12/6/2015,3860,154.06,90.93,594671.6,350989.8,243681.8
Europe,Greece,Household,Offline,L,4/17/2011,934786164,5/26/2011,2854,668.27,502.54,1907242.58,1434249.16,472993.42
Middle East and North Africa,Yemen,Household,Online,C,7/12/2016,102908694,8/11/2016,1824,668.27,502.54,1218924.48,916632.96,302291.52
Asia,Bangladesh,Household,Offline,M,12/7/2013,953656041,1/2/2014,6870,668.27,502.54,4591014.9,3452449.8,1138565.1
Middle East and North Africa,Somalia,Cosmetics,Online,C,5/15/2013,418327033,5/27/2013,1120,437.2,263.33,489664,294929.6,194734.4
North America,United States of America,Vegetables,Offline,M,8/18/2010,448532998,9/28/2010,9736,154.06,90.93,1499928.16,885294.48,614633.68
Sub-Saharan Africa,South Africa,Meat,Offline,C,12/3/2013,366197764,1/20/2014,4911,421.89,364.69,2071901.79,1790992.59,280909.2
Asia,Kyrgyzstan,Snacks,Online,C,5/20/2017,913557660,6/23/2017,868,152.58,97.44,132439.44,84577.92,47861.52
Europe,Finland,Vegetables,Online,C,6/2/2012,203161513,7/13/2012,8861,154.06,90.93,1365125.66,805730.73,559394.93
Sub-Saharan Africa,Nigeria,Baby Food,Online,H,3/25/2014,467870652,4/14/2014,2178,255.28,159.42,555999.84,347216.76,208783.08
Asia,Laos,Beverages,Online,C,7/23/2012,410858905,8/5/2012,1135,47.45,31.79,53855.75,36081.65,17774.1
Europe,Moldova ,Personal Care,Offline,C,5/19/2013,155612599,6/13/2013,8081,81.73,56.67,660460.13,457950.27,202509.86
Sub-Saharan Africa,Cote d'Ivoire,Cosmetics,Offline,H,5/11/2012,795930564,6/27/2012,2396,437.2,263.33,1047531.2,630938.68,416592.52
Central America and the Caribbean,Saint Kitts and Nevis ,Baby Food,Online,L,10/21/2013,345924127,11/26/2013,5491,255.28,159.42,1401742.48,875375.22,526367.26
Middle East and North Africa,Syria,Beverages,Offline,C,9/25/2011,490017116,10/31/2011,5809,47.45,31.79,275637.05,184668.11,90968.94
Europe,Ukraine,Vegetables,Online,H,5/12/2016,732945859,5/17/2016,3822,154.06,90.93,588817.32,347534.46,241282.86
Sub-Saharan Africa,Malawi,Clothes,Offline,M,6/24/2012,649759185,8/2/2012,7037,109.28,35.84,769003.36,252206.08,516797.28
Europe,Germany,Meat,Offline,H,3/23/2016,335818421,5/8/2016,4988,421.89,364.69,2104387.32,1819073.72,285313.6
Sub-Saharan Africa,Mauritius ,Beverages,Offline,H,9/23/2010,856797397,10/17/2010,4244,47.45,31.79,201377.8,134916.76,66461.04
Sub-Saharan Africa,Democratic Republic of the Congo,Cosmetics,Online,C,6/21/2010,198682439,7/24/2010,3404,437.2,263.33,1488228.8,896375.32,591853.48
Australia and Oceania,Samoa ,Office Supplies,Online,L,1/25/2012,917772376,2/18/2012,8096,651.21,524.96,5272196.16,4250076.16,1022120
Europe,Liechtenstein,Clothes,Offline,C,3/15/2013,690678536,3/21/2013,5982,109.28,35.84,653712.96,214394.88,439318.08
Middle East and North Africa,Kuwait,Cereal,Online,M,5/30/2016,864324748,7/2/2016,1755,205.7,117.11,361003.5,205528.05,155475.45
Europe,Poland,Vegetables,Offline,M,2/21/2010,605947339,3/10/2010,2138,154.06,90.93,329380.28,194408.34,134971.94
Central America and the Caribbean,Trinidad and Tobago,Office Supplies,Offline,H,6/1/2010,953095138,6/11/2010,886,651.21,524.96,576972.06,465114.56,111857.5
Middle East and North Africa,Iran,Snacks,Offline,M,8/9/2011,763629472,9/6/2011,3785,152.58,97.44,577515.3,368810.4,208704.9
Sub-Saharan Africa,Kenya,Personal Care,Offline,C,12/4/2012,765724170,12/27/2012,3653,81.73,56.67,298559.69,207015.51,91544.18
Asia,Tajikistan,Baby Food,Offline,H,8/31/2014,407865560,9/14/2014,5338,255.28,159.42,1362684.64,850983.96,511700.68
Middle East and North Africa,Syria,Clothes,Offline,C,5/21/2014,108852469,5/26/2014,719,109.28,35.84,78572.32,25768.96,52803.36
Asia,Myanmar,Cosmetics,Online,H,9/19/2010,807796227,10/4/2010,3710,437.2,263.33,1622012,976954.3,645057.7
Australia and Oceania,Samoa ,Clothes,Offline,M,9/16/2014,814120662,9/17/2014,5250,109.28,35.84,573720,188160,385560
Asia,Thailand,Meat,Offline,L,10/5/2015,757562100,11/7/2015,8315,421.89,364.69,3508015.35,3032397.35,475618
Middle East and North Africa,Afghanistan,Beverages,Online,L,9/12/2015,438169372,9/30/2015,2909,47.45,31.79,138032.05,92477.11,45554.94
North America,Mexico,Beverages,Online,L,5/27/2017,176303803,6/25/2017,1068,47.45,31.79,50676.6,33951.72,16724.88
Middle East and North Africa,Jordan,Household,Online,H,6/22/2013,362639224,7/17/2013,1860,668.27,502.54,1242982.2,934724.4,308257.8
Sub-Saharan Africa,Sudan,Baby Food,Offline,L,9/18/2012,108161962,10/18/2012,6383,255.28,159.42,1629452.24,1017577.86,611874.38
Sub-Saharan Africa,Kenya,Beverages,Offline,L,8/20/2013,394170844,8/25/2013,2767,47.45,31.79,131294.15,87962.93,43331.22
Australia and Oceania,Federated States of Micronesia,Cosmetics,Online,L,10/23/2015,922277200,11/17/2015,1173,437.2,263.33,512835.6,308886.09,203949.51
Sub-Saharan Africa,Niger,Personal Care,Online,M,2/2/2016,564404857,2/4/2016,8794,81.73,56.67,718733.62,498355.98,220377.64
Sub-Saharan Africa,Lesotho,Household,Offline,H,5/24/2012,512790143,6/7/2012,4854,668.27,502.54,3243782.58,2439329.16,804453.42
North America,Greenland,Cereal,Online,H,1/25/2015,229981887,2/19/2015,5606,205.7,117.11,1153154.2,656518.66,496635.54
Sub-Saharan Africa,Chad,Vegetables,Online,L,10/17/2012,598841416,10/28/2012,9338,154.06,90.93,1438612.28,849104.34,589507.94
Europe,Bulgaria,Clothes,Online,L,4/8/2014,772542560,5/20/2014,1366,109.28,35.84,149276.48,48957.44,100319.04
Middle East and North Africa,Tunisia ,Clothes,Online,L,2/1/2014,424571645,3/16/2014,9039,109.28,35.84,987781.92,323957.76,663824.16
Sub-Saharan Africa,Namibia,Household,Offline,L,9/16/2011,198727500,10/21/2011,6738,668.27,502.54,4502803.26,3386114.52,1116688.74
Middle East and North Africa,Qatar,Office Supplies,Offline,L,3/25/2015,359121453,5/11/2015,873,651.21,524.96,568506.33,458290.08,110216.25
Asia,China,Office Supplies,Offline,M,11/15/2014,340177333,1/4/2015,4887,651.21,524.96,3182463.27,2565479.52,616983.75
Sub-Saharan Africa,Burundi,Meat,Offline,L,1/30/2017,996631467,2/23/2017,4253,421.89,364.69,1794298.17,1551026.57,243271.6
Asia,Kyrgyzstan,Clothes,Online,L,6/3/2010,553532683,7/16/2010,1477,109.28,35.84,161406.56,52935.68,108470.88
Sub-Saharan Africa,Zimbabwe,Snacks,Offline,H,10/28/2014,456242311,12/6/2014,1093,152.58,97.44,166769.94,106501.92,60268.02
Europe,Ireland,Clothes,Offline,M,3/13/2017,420434176,4/17/2017,4671,109.28,35.84,510446.88,167408.64,343038.24
Europe,Serbia,Cereal,Online,M,2/5/2013,682094609,2/21/2013,5807,205.7,117.11,1194499.9,680057.77,514442.13
Central America and the Caribbean,Saint Lucia,Personal Care,Online,C,7/1/2010,647522437,7/8/2010,5133,81.73,56.67,419520.09,290887.11,128632.98
Middle East and North Africa,Iraq,Clothes,Offline,L,11/14/2010,243328988,12/29/2010,5310,109.28,35.84,580276.8,190310.4,389966.4
Sub-Saharan Africa,Liberia,Baby Food,Online,L,12/15/2012,366438090,12/19/2012,6029,255.28,159.42,1539083.12,961143.18,577939.94
Asia,Kyrgyzstan,Snacks,Online,L,7/27/2016,634086072,8/22/2016,9014,152.58,97.44,1375356.12,878324.16,497031.96
Australia and Oceania,Tonga,Meat,Offline,L,3/25/2011,733821761,4/29/2011,3021,421.89,364.69,1274529.69,1101728.49,172801.2
Europe,Malta,Vegetables,Offline,M,3/26/2010,873506486,4/17/2010,8835,154.06,90.93,1361120.1,803366.55,557753.55
Central America and the Caribbean,Trinidad and Tobago,Office Supplies,Offline,M,8/1/2016,431314074,8/18/2016,4274,651.21,524.96,2783271.54,2243679.04,539592.5
Sub-Saharan Africa,Mozambique,Snacks,Online,H,8/23/2011,205730855,9/3/2011,9187,152.58,97.44,1401752.46,895181.28,506571.18
Europe,San Marino,Household,Online,C,11/25/2011,165555655,12/29/2011,452,668.27,502.54,302058.04,227148.08,74909.96
Asia,South Korea,Clothes,Online,L,3/13/2012,799899804,4/12/2012,6982,109.28,35.84,762992.96,250234.88,512758.08
Europe,Italy,Cereal,Offline,L,3/24/2012,868187129,4/24/2012,4719,205.7,117.11,970698.3,552642.09,418056.21
Middle East and North Africa,Iran,Vegetables,Online,H,10/2/2012,550153958,11/2/2012,1637,154.06,90.93,252196.22,148852.41,103343.81
North America,Mexico,Fruits,Online,M,10/21/2011,995849120,11/3/2011,2739,9.33,6.92,25554.87,18953.88,6600.99
Europe,Serbia,Office Supplies,Offline,H,1/22/2016,275633943,2/16/2016,5064,651.21,524.96,3297727.44,2658397.44,639330
Europe,Italy,Office Supplies,Online,M,4/28/2014,130182254,4/30/2014,2677,651.21,524.96,1743289.17,1405317.92,337971.25
Europe,Vatican City,Personal Care,Offline,H,8/13/2011,120480382,9/24/2011,1677,81.73,56.67,137061.21,95035.59,42025.62
Central America and the Caribbean,Cuba,Meat,Online,M,3/26/2010,777827155,4/24/2010,5195,421.89,364.69,2191718.55,1894564.55,297154
Asia,Sri Lanka,Vegetables,Offline,H,7/14/2013,453833901,7/30/2013,8391,154.06,90.93,1292717.46,762993.63,529723.83
Asia,Kyrgyzstan,Office Supplies,Online,L,8/2/2014,270424449,9/11/2014,3459,651.21,524.96,2252535.39,1815836.64,436698.75
Europe,Andorra,Snacks,Online,C,2/4/2015,969835126,2/5/2015,4620,152.58,97.44,704919.6,450172.8,254746.8
Australia and Oceania,Vanuatu,Household,Online,H,1/17/2014,664614760,2/27/2014,3132,668.27,502.54,2093021.64,1573955.28,519066.36
Europe,Estonia,Snacks,Online,M,6/25/2011,687624680,7/5/2011,2278,152.58,97.44,347577.24,221968.32,125608.92
Sub-Saharan Africa,Mauritius ,Meat,Offline,M,4/22/2012,642038714,4/23/2012,2378,421.89,364.69,1003254.42,867232.82,136021.6
Sub-Saharan Africa,Nigeria,Cosmetics,Online,L,11/28/2014,651343190,12/16/2014,5779,437.2,263.33,2526578.8,1521784.07,1004794.73
Middle East and North Africa,Kuwait,Beverages,Online,H,12/17/2014,909336936,12/21/2014,1862,47.45,31.79,88351.9,59192.98,29158.92
Central America and the Caribbean,Cuba,Cosmetics,Offline,C,10/8/2016,330131280,10/23/2016,2037,437.2,263.33,890576.4,536403.21,354173.19
Asia,Kyrgyzstan,Clothes,Online,L,5/7/2014,598150050,6/21/2014,4747,109.28,35.84,518752.16,170132.48,348619.68
Central America and the Caribbean,Haiti,Baby Food,Online,H,5/7/2010,318129575,5/7/2010,466,255.28,159.42,118960.48,74289.72,44670.76
Central America and the Caribbean,Dominican Republic,Meat,Offline,C,4/8/2012,865118682,5/7/2012,6698,421.89,364.69,2825819.22,2442693.62,383125.6
Middle East and North Africa,Somalia,Meat,Offline,H,7/16/2013,534478700,8/24/2013,2979,421.89,364.69,1256810.31,1086411.51,170398.8
Middle East and North Africa,Libya,Office Supplies,Online,M,6/4/2012,391883456,7/2/2012,5878,651.21,524.96,3827812.38,3085714.88,742097.5
Asia,Brunei,Office Supplies,Online,C,11/5/2015,223319280,11/10/2015,3992,651.21,524.96,2599630.32,2095640.32,503990
Central America and the Caribbean,Cuba,Personal Care,Offline,H,10/31/2012,785084998,11/22/2012,2952,81.73,56.67,241266.96,167289.84,73977.12
Sub-Saharan Africa,Cote d'Ivoire,Baby Food,Offline,C,3/23/2016,653791940,5/2/2016,419,255.28,159.42,106962.32,66796.98,40165.34
Central America and the Caribbean,Saint Lucia,Clothes,Online,C,5/28/2013,276363933,6/5/2013,1084,109.28,35.84,118459.52,38850.56,79608.96
Europe,Monaco,Personal Care,Offline,M,7/18/2015,620037305,8/29/2015,1672,81.73,56.67,136652.56,94752.24,41900.32
Central America and the Caribbean,Costa Rica,Meat,Online,H,12/12/2015,922360885,1/23/2016,5938,421.89,364.69,2505182.82,2165529.22,339653.6
Europe,Montenegro,Baby Food,Offline,C,7/19/2016,941196000,8/12/2016,9667,255.28,159.42,2467791.76,1541113.14,926678.62
Sub-Saharan Africa,Madagascar,Baby Food,Online,H,7/29/2016,504716479,9/11/2016,5677,255.28,159.42,1449224.56,905027.34,544197.22
Europe,Belarus,Beverages,Offline,H,4/24/2016,861408650,5/9/2016,8817,47.45,31.79,418366.65,280292.43,138074.22
Australia and Oceania,Solomon Islands,Vegetables,Offline,L,4/26/2013,630071341,6/11/2013,966,154.06,90.93,148821.96,87838.38,60983.58
Sub-Saharan Africa,Madagascar,Household,Offline,L,10/18/2013,749815881,10/19/2013,6037,668.27,502.54,4034345.99,3033833.98,1000512.01
Asia,Kyrgyzstan,Vegetables,Offline,C,8/27/2013,430066096,10/8/2013,4970,154.06,90.93,765678.2,451922.1,313756.1
Australia and Oceania,Tuvalu,Office Supplies,Offline,C,6/8/2017,300558316,7/14/2017,740,651.21,524.96,481895.4,388470.4,93425
Middle East and North Africa,Lebanon,Office Supplies,Offline,C,10/26/2011,161341369,12/6/2011,3351,651.21,524.96,2182204.71,1759140.96,423063.75
Middle East and North Africa,Jordan,Cosmetics,Online,C,11/1/2014,332776582,11/30/2014,4840,437.2,263.33,2116048,1274517.2,841530.8
Sub-Saharan Africa,Nigeria,Beverages,Online,M,7/4/2011,305537784,7/15/2011,4275,47.45,31.79,202848.75,135902.25,66946.5
Australia and Oceania,Kiribati,Meat,Online,C,8/20/2010,990611302,8/29/2010,2753,421.89,364.69,1161463.17,1003991.57,157471.6
Central America and the Caribbean,Saint Vincent and the Grenadines,Beverages,Offline,C,9/25/2010,669295966,10/31/2010,8404,47.45,31.79,398769.8,267163.16,131606.64
Asia,Indonesia,Snacks,Online,C,5/18/2011,843203103,6/1/2011,1391,152.58,97.44,212238.78,135539.04,76699.74
North America,United States of America,Cereal,Offline,L,12/27/2016,384256541,1/5/2017,8904,205.7,117.11,1831552.8,1042747.44,788805.36
North America,Greenland,Fruits,Offline,L,5/5/2010,484692609,6/20/2010,169,9.33,6.92,1576.77,1169.48,407.29
Sub-Saharan Africa,Democratic Republic of the Congo,Baby Food,Offline,C,12/5/2016,607060134,1/13/2017,1439,255.28,159.42,367347.92,229405.38,137942.54
Sub-Saharan Africa,Equatorial Guinea,Clothes,Offline,M,4/15/2010,734220445,4/30/2010,1000,109.28,35.84,109280,35840,73440
Central America and the Caribbean,Dominican Republic,Baby Food,Offline,L,4/1/2014,919347369,5/15/2014,4171,255.28,159.42,1064772.88,664940.82,399832.06
Middle East and North Africa,Jordan,Beverages,Offline,C,11/7/2015,835927236,11/8/2015,8300,47.45,31.79,393835,263857,129978
Sub-Saharan Africa,Niger,Baby Food,Offline,M,7/18/2014,227758872,7/24/2014,7766,255.28,159.42,1982504.48,1238055.72,744448.76
Sub-Saharan Africa,Central African Republic,Cosmetics,Offline,L,11/9/2010,258953607,12/20/2010,8982,437.2,263.33,3926930.4,2365230.06,1561700.34
Europe,Hungary,Snacks,Online,L,2/25/2010,363935267,3/19/2010,5388,152.58,97.44,822101.04,525006.72,297094.32
Europe,Bulgaria,Clothes,Offline,H,4/21/2011,497440183,5/25/2011,2459,109.28,35.84,268719.52,88130.56,180588.96
Europe,Italy,Baby Food,Online,C,6/13/2010,684517180,7/31/2010,2700,255.28,159.42,689256,430434,258822
Europe,Denmark,Office Supplies,Offline,L,5/16/2012,570527589,7/2/2012,647,651.21,524.96,421332.87,339649.12,81683.75
Europe,Belarus,Snacks,Offline,M,7/24/2011,771145236,7/26/2011,7867,152.58,97.44,1200346.86,766560.48,433786.38
Europe,Bosnia and Herzegovina,Beverages,Offline,C,2/19/2011,622356450,2/21/2011,7959,47.45,31.79,377654.55,253016.61,124637.94
Sub-Saharan Africa,Kenya,Office Supplies,Offline,H,7/3/2011,430460059,7/23/2011,1552,651.21,524.96,1010677.92,814737.92,195940
Asia,Indonesia,Household,Online,H,2/16/2014,122067391,3/30/2014,1309,668.27,502.54,874765.43,657824.86,216940.57
Sub-Saharan Africa,Guinea,Vegetables,Online,C,3/10/2010,594102275,4/23/2010,6920,154.06,90.93,1066095.2,629235.6,436859.6
Central America and the Caribbean,Costa Rica,Household,Offline,L,8/21/2014,563801038,9/4/2014,111,668.27,502.54,74177.97,55781.94,18396.03
Europe,Monaco,Fruits,Offline,H,12/29/2016,618712508,1/29/2017,9635,9.33,6.92,89894.55,66674.2,23220.35
Middle East and North Africa,Pakistan,Baby Food,Online,L,5/31/2015,966698014,7/4/2015,6279,255.28,159.42,1602903.12,1000998.18,601904.94
Middle East and North Africa,Lebanon,Office Supplies,Offline,M,11/24/2012,985931384,11/25/2012,7861,651.21,524.96,5119161.81,4126710.56,992451.25
North America,Canada,Fruits,Offline,L,7/11/2013,574898946,8/6/2013,4228,9.33,6.92,39447.24,29257.76,10189.48
Sub-Saharan Africa,Ethiopia,Snacks,Offline,M,1/26/2011,602399528,3/5/2011,2262,152.58,97.44,345135.96,220409.28,124726.68
Europe,Belarus,Snacks,Online,C,7/8/2015,657544457,8/8/2015,872,152.58,97.44,133049.76,84967.68,48082.08
Australia and Oceania,Vanuatu,Vegetables,Online,C,5/31/2011,399757564,7/5/2011,6001,154.06,90.93,924514.06,545670.93,378843.13
Central America and the Caribbean,Costa Rica,Snacks,Offline,H,8/31/2014,908775174,10/18/2014,5624,152.58,97.44,858109.92,548002.56,310107.36
Asia,Turkmenistan,Vegetables,Online,M,9/26/2015,634646117,11/15/2015,4744,154.06,90.93,730860.64,431371.92,299488.72
Sub-Saharan Africa,Angola,Fruits,Offline,H,9/22/2013,347731721,11/1/2013,398,9.33,6.92,3713.34,2754.16,959.18
Central America and the Caribbean,Barbados,Fruits,Offline,H,8/3/2012,888705813,8/5/2012,6654,9.33,6.92,62081.82,46045.68,16036.14
Asia,Taiwan,Household,Online,C,5/6/2017,918554723,6/10/2017,9610,668.27,502.54,6422074.7,4829409.4,1592665.3
Australia and Oceania,Solomon Islands,Cereal,Offline,M,2/21/2015,968577277,3/17/2015,2395,205.7,117.11,492651.5,280478.45,212173.05
Sub-Saharan Africa,Djibouti,Personal Care,Offline,C,11/28/2016,290384805,12/18/2016,172,81.73,56.67,14057.56,9747.24,4310.32
Europe,Bosnia and Herzegovina,Meat,Offline,L,9/21/2015,905901134,10/1/2015,5131,421.89,364.69,2164717.59,1871224.39,293493.2
Central America and the Caribbean,The Bahamas,Baby Food,Offline,H,4/13/2013,857362592,5/30/2013,1498,255.28,159.42,382409.44,238811.16,143598.28
Sub-Saharan Africa,Republic of the Congo,Cosmetics,Offline,M,2/22/2016,957318007,3/11/2016,527,437.2,263.33,230404.4,138774.91,91629.49
Sub-Saharan Africa,Togo,Beverages,Online,C,10/12/2016,738628709,11/9/2016,5504,47.45,31.79,261164.8,174972.16,86192.64
Central America and the Caribbean,Nicaragua,Fruits,Online,H,7/11/2012,704468524,7/28/2012,6746,9.33,6.92,62940.18,46682.32,16257.86
Europe,Bulgaria,Beverages,Offline,L,11/28/2016,978323781,1/8/2017,6602,47.45,31.79,313264.9,209877.58,103387.32
Sub-Saharan Africa,Djibouti,Snacks,Offline,M,6/18/2010,853993308,7/29/2010,4452,152.58,97.44,679286.16,433802.88,245483.28
Central America and the Caribbean,Dominica,Meat,Offline,L,8/19/2012,145588433,9/10/2012,1708,421.89,364.69,720588.12,622890.52,97697.6
Australia and Oceania,Marshall Islands,Clothes,Online,L,6/8/2017,537532985,7/9/2017,6810,109.28,35.84,744196.8,244070.4,500126.4
Sub-Saharan Africa,Guinea-Bissau,Snacks,Offline,L,5/18/2012,634563291,6/12/2012,234,152.58,97.44,35703.72,22800.96,12902.76
Europe,Montenegro,Office Supplies,Offline,L,7/14/2012,911728179,8/31/2012,9484,651.21,524.96,6176075.64,4978720.64,1197355
Middle East and North Africa,Israel,Household,Online,M,4/29/2011,564388978,5/9/2011,4095,668.27,502.54,2736565.65,2057901.3,678664.35
Central America and the Caribbean,Saint Vincent and the Grenadines,Cereal,Online,H,8/7/2014,658219516,8/16/2014,637,205.7,117.11,131030.9,74599.07,56431.83
Europe,Greece,Clothes,Online,H,2/12/2014,979206120,2/18/2014,7706,109.28,35.84,842111.68,276183.04,565928.64
Middle East and North Africa,Tunisia ,Beverages,Offline,C,1/27/2014,483647620,3/18/2014,933,47.45,31.79,44270.85,29660.07,14610.78
Asia,Taiwan,Meat,Online,H,2/24/2012,448155343,2/24/2012,7980,421.89,364.69,3366682.2,2910226.2,456456
Middle East and North Africa,Azerbaijan,Household,Offline,C,11/15/2010,419653117,11/25/2010,3538,668.27,502.54,2364339.26,1777986.52,586352.74
Europe,Serbia,Cereal,Online,C,11/6/2013,465377271,12/20/2013,4331,205.7,117.11,890886.7,507203.41,383683.29
Central America and the Caribbean,The Bahamas,Clothes,Offline,H,5/17/2014,722876632,5/18/2014,4114,109.28,35.84,449577.92,147445.76,302132.16
Sub-Saharan Africa,Guinea,Vegetables,Offline,C,5/24/2014,950012528,7/13/2014,8673,154.06,90.93,1336162.38,788635.89,547526.49
Sub-Saharan Africa,South Sudan,Personal Care,Offline,L,2/16/2013,974958789,3/30/2013,826,81.73,56.67,67508.98,46809.42,20699.56
North America,Canada,Beverages,Offline,L,11/10/2010,246201741,12/25/2010,5421,47.45,31.79,257226.45,172333.59,84892.86
Sub-Saharan Africa,Kenya,Cereal,Offline,C,9/21/2012,982540214,10/4/2012,4338,205.7,117.11,892326.6,508023.18,384303.42
Central America and the Caribbean,Barbados,Vegetables,Offline,L,5/9/2017,523085534,5/25/2017,1489,154.06,90.93,229395.34,135394.77,94000.57
Middle East and North Africa,Libya,Cereal,Online,L,1/28/2013,777261531,2/7/2013,7814,205.7,117.11,1607339.8,915097.54,692242.26
Australia and Oceania,Australia,Personal Care,Online,L,1/5/2012,574804532,1/21/2012,6289,81.73,56.67,513999.97,356397.63,157602.34
Europe,Cyprus,Cereal,Online,L,12/27/2015,615763366,2/7/2016,6918,205.7,117.11,1423032.6,810166.98,612865.62
Sub-Saharan Africa,Togo,Household,Offline,M,9/26/2012,320499360,10/3/2012,1738,668.27,502.54,1161453.26,873414.52,288038.74
Central America and the Caribbean,Antigua and Barbuda ,Office Supplies,Offline,C,1/3/2010,979686343,1/28/2010,9815,651.21,524.96,6391626.15,5152482.4,1239143.75
Asia,South Korea,Cosmetics,Offline,M,8/7/2016,804310643,8/24/2016,2248,437.2,263.33,982825.6,591965.84,390859.76
Central America and the Caribbean,Cuba,Baby Food,Online,L,11/17/2015,775671088,1/1/2016,7167,255.28,159.42,1829591.76,1142563.14,687028.62
Middle East and North Africa,Israel,Personal Care,Offline,M,12/28/2014,595379006,1/30/2015,4733,81.73,56.67,386828.09,268219.11,118608.98
Europe,Czech Republic,Clothes,Offline,M,10/15/2010,935358226,11/28/2010,2140,109.28,35.84,233859.2,76697.6,157161.6
Europe,France,Baby Food,Offline,L,5/3/2016,287845075,5/7/2016,8609,255.28,159.42,2197705.52,1372446.78,825258.74
Australia and Oceania,Papua New Guinea,Cereal,Online,C,9/9/2011,815388381,10/9/2011,397,205.7,117.11,81662.9,46492.67,35170.23
Sub-Saharan Africa,Namibia,Vegetables,Offline,L,10/28/2015,700849473,12/15/2015,5788,154.06,90.93,891699.28,526302.84,365396.44
Australia and Oceania,Kiribati,Vegetables,Online,H,9/15/2014,897402179,10/9/2014,102,154.06,90.93,15714.12,9274.86,6439.26
Middle East and North Africa,Jordan,Fruits,Offline,L,7/8/2010,178532826,8/14/2010,686,9.33,6.92,6400.38,4747.12,1653.26
Sub-Saharan Africa,Togo,Meat,Online,M,4/14/2010,988040244,4/20/2010,1920,421.89,364.69,810028.8,700204.8,109824
Middle East and North Africa,Saudi Arabia,Cosmetics,Offline,C,7/12/2014,890035760,7/23/2014,215,437.2,263.33,93998,56615.95,37382.05
Sub-Saharan Africa,Kenya,Office Supplies,Offline,H,6/24/2013,218943202,7/17/2013,9014,651.21,524.96,5870006.94,4731989.44,1138017.5
Asia,Bhutan,Cosmetics,Offline,H,7/27/2013,729498898,8/18/2013,3790,437.2,263.33,1656988,998020.7,658967.3
Sub-Saharan Africa,Ghana,Meat,Offline,H,12/13/2010,646751677,1/12/2011,7048,421.89,364.69,2973480.72,2570335.12,403145.6
Sub-Saharan Africa,Mali,Fruits,Offline,M,5/25/2010,516062867,6/26/2010,3325,9.33,6.92,31022.25,23009,8013.25
Europe,Albania,Cosmetics,Offline,L,12/19/2013,953106296,2/6/2014,4188,437.2,263.33,1830993.6,1102826.04,728167.56
Middle East and North Africa,Jordan,Beverages,Offline,L,3/21/2017,393868291,4/7/2017,3235,47.45,31.79,153500.75,102840.65,50660.1
Australia and Oceania,Solomon Islands,Vegetables,Online,M,12/23/2012,944647681,1/2/2013,1096,154.06,90.93,168849.76,99659.28,69190.48
Australia and Oceania,Nauru,Clothes,Offline,H,4/15/2010,732055795,5/1/2010,432,109.28,35.84,47208.96,15482.88,31726.08
Sub-Saharan Africa,Mauritania,Snacks,Offline,M,6/19/2015,653016459,6/29/2015,937,152.58,97.44,142967.46,91301.28,51666.18
Middle East and North Africa,Algeria,Clothes,Online,L,3/6/2013,324766004,4/5/2013,4332,109.28,35.84,473400.96,155258.88,318142.08
Australia and Oceania,Federated States of Micronesia,Cereal,Offline,H,8/30/2015,334853255,9/3/2015,9374,205.7,117.11,1928231.8,1097789.14,830442.66
Asia,Mongolia,Beverages,Offline,H,6/30/2013,891139543,7/23/2013,6849,47.45,31.79,324985.05,217729.71,107255.34
Sub-Saharan Africa,Mauritania,Personal Care,Online,L,4/5/2017,471798694,4/18/2017,4573,81.73,56.67,373751.29,259151.91,114599.38
Europe,Belgium,Beverages,Offline,L,11/19/2015,775317037,12/8/2015,2395,47.45,31.79,113642.75,76137.05,37505.7
Asia,Maldives,Cosmetics,Offline,H,9/17/2010,870493400,10/7/2010,7196,437.2,263.33,3146091.2,1894922.68,1251168.52
Central America and the Caribbean,El Salvador,Cereal,Offline,L,9/25/2011,346439111,10/4/2011,7886,205.7,117.11,1622150.2,923529.46,698620.74
Sub-Saharan Africa,Burkina Faso,Household,Online,M,1/26/2011,662577998,2/13/2011,408,668.27,502.54,272654.16,205036.32,67617.84
Asia,Indonesia,Personal Care,Online,M,1/19/2017,198646390,3/2/2017,2736,81.73,56.67,223613.28,155049.12,68564.16
Sub-Saharan Africa,Guinea-Bissau,Household,Online,L,7/26/2012,104693114,8/10/2012,9874,668.27,502.54,6598497.98,4962079.96,1636418.02
Sub-Saharan Africa,Uganda,Vegetables,Offline,H,11/14/2011,251079499,12/17/2011,8858,154.06,90.93,1364663.48,805457.94,559205.54
Sub-Saharan Africa,Mali,Vegetables,Online,M,5/1/2011,578479373,6/1/2011,3756,154.06,90.93,578649.36,341533.08,237116.28
Sub-Saharan Africa,Ghana,Baby Food,Offline,H,12/22/2015,647879064,12/28/2015,667,255.28,159.42,170271.76,106333.14,63938.62
Europe,Netherlands,Snacks,Online,L,12/12/2012,990577399,1/28/2013,2720,152.58,97.44,415017.6,265036.8,149980.8
Europe,Luxembourg,Beverages,Offline,H,3/9/2013,858185708,3/10/2013,5077,47.45,31.79,240903.65,161397.83,79505.82
Central America and the Caribbean,Honduras,Clothes,Offline,C,5/1/2017,472627818,5/10/2017,9929,109.28,35.84,1085041.12,355855.36,729185.76
Sub-Saharan Africa,Togo,Vegetables,Offline,M,12/10/2011,576140058,12/30/2011,1501,154.06,90.93,231244.06,136485.93,94758.13
Europe,Slovenia,Snacks,Offline,C,2/21/2011,181271255,3/17/2011,1047,152.58,97.44,159751.26,102019.68,57731.58
Europe,Vatican City,Cereal,Offline,L,12/25/2014,620882737,1/18/2015,1854,205.7,117.11,381367.8,217121.94,164245.86
Europe,Sweden,Fruits,Online,H,3/21/2013,598148334,4/2/2013,4239,9.33,6.92,39549.87,29333.88,10215.99
Sub-Saharan Africa,Rwanda,Beverages,Offline,C,10/24/2011,236554372,12/4/2011,550,47.45,31.79,26097.5,17484.5,8613
Europe,Czech Republic,Baby Food,Online,H,1/4/2014,629899680,1/8/2014,168,255.28,159.42,42887.04,26782.56,16104.48
Central America and the Caribbean,Saint Vincent and the Grenadines,Cereal,Online,L,7/17/2016,692295587,7/25/2016,4503,205.7,117.11,926267.1,527346.33,398920.77
Sub-Saharan Africa,Swaziland,Beverages,Offline,C,6/4/2013,308165919,7/21/2013,1999,47.45,31.79,94852.55,63548.21,31304.34
Asia,Bangladesh,Snacks,Offline,H,11/18/2014,782247006,12/15/2014,3127,152.58,97.44,477117.66,304694.88,172422.78
Europe,Georgia,Meat,Offline,L,4/9/2013,789587676,5/24/2013,5395,421.89,364.69,2276096.55,1967502.55,308594
Middle East and North Africa,Kuwait,Cereal,Online,C,2/26/2017,425549256,3/8/2017,8336,205.7,117.11,1714715.2,976228.96,738486.24
Middle East and North Africa,Azerbaijan,Baby Food,Offline,H,3/30/2017,755805575,4/19/2017,8520,255.28,159.42,2174985.6,1358258.4,816727.2
Sub-Saharan Africa,Kenya,Office Supplies,Online,L,11/12/2012,666342961,12/17/2012,4545,651.21,524.96,2959749.45,2385943.2,573806.25
Australia and Oceania,Solomon Islands,Meat,Online,C,10/15/2015,913460242,10/19/2015,2040,421.89,364.69,860655.6,743967.6,116688
Central America and the Caribbean,Barbados,Fruits,Online,L,2/13/2016,973768746,3/24/2016,8666,9.33,6.92,80853.78,59968.72,20885.06
Sub-Saharan Africa,Equatorial Guinea,Clothes,Online,C,5/22/2016,394192302,7/3/2016,9117,109.28,35.84,996305.76,326753.28,669552.48
Central America and the Caribbean,Dominican Republic,Clothes,Online,C,8/16/2012,141967236,9/9/2012,115,109.28,35.84,12567.2,4121.6,8445.6
Central America and the Caribbean,Guatemala,Fruits,Online,L,4/11/2013,354642379,5/21/2013,5416,9.33,6.92,50531.28,37478.72,13052.56
Middle East and North Africa,Azerbaijan,Snacks,Offline,C,9/17/2012,790079057,9/19/2012,805,152.58,97.44,122826.9,78439.2,44387.7
Asia,Cambodia,Vegetables,Online,L,2/25/2010,376451098,3/15/2010,9100,154.06,90.93,1401946,827463,574483
Sub-Saharan Africa,Namibia,Cosmetics,Offline,H,6/14/2013,362244832,6/15/2013,5151,437.2,263.33,2252017.2,1356412.83,895604.37
Central America and the Caribbean,Saint Lucia,Baby Food,Offline,H,8/8/2012,266259086,8/17/2012,835,255.28,159.42,213158.8,133115.7,80043.1
Europe,Latvia,Cosmetics,Online,C,10/22/2013,127605187,10/30/2013,65,437.2,263.33,28418,17116.45,11301.55
Europe,Luxembourg,Cereal,Offline,L,12/20/2012,955706965,12/27/2012,3784,205.7,117.11,778368.8,443144.24,335224.56
Sub-Saharan Africa,Zambia,Beverages,Online,L,8/20/2014,680300748,9/14/2014,4964,47.45,31.79,235541.8,157805.56,77736.24
Europe,Spain,Baby Food,Offline,M,1/20/2013,901435363,2/9/2013,3611,255.28,159.42,921816.08,575665.62,346150.46
Sub-Saharan Africa,Burkina Faso,Vegetables,Offline,M,2/12/2011,139472138,2/26/2011,1760,154.06,90.93,271145.6,160036.8,111108.8
Europe,Czech Republic,Cereal,Offline,L,7/23/2016,585084903,8/10/2016,8479,205.7,117.11,1744130.3,992975.69,751154.61
Middle East and North Africa,Somalia,Cereal,Online,H,6/20/2015,449259984,6/22/2015,4868,205.7,117.11,1001347.6,570091.48,431256.12
Central America and the Caribbean,Costa Rica,Vegetables,Online,M,12/3/2013,713296210,1/4/2014,9054,154.06,90.93,1394859.24,823280.22,571579.02
Europe,Liechtenstein,Personal Care,Offline,M,7/4/2011,178804910,8/1/2011,1201,81.73,56.67,98157.73,68060.67,30097.06
Middle East and North Africa,Egypt,Personal Care,Offline,M,8/20/2012,417709910,8/26/2012,8500,81.73,56.67,694705,481695,213010
Middle East and North Africa,Oman,Baby Food,Offline,L,3/27/2015,822247540,5/9/2015,174,255.28,159.42,44418.72,27739.08,16679.64
Europe,Armenia,Office Supplies,Online,H,7/1/2014,854966628,7/1/2014,2479,651.21,524.96,1614349.59,1301375.84,312973.75
Australia and Oceania,Tonga,Cosmetics,Online,H,4/5/2014,498728501,4/13/2014,3701,437.2,263.33,1618077.2,974584.33,643492.87
Europe,Finland,Beverages,Offline,C,8/20/2015,706706988,9/21/2015,9157,47.45,31.79,434499.65,291101.03,143398.62
Middle East and North Africa,Turkey,Snacks,Online,L,3/24/2013,252388417,3/25/2013,6196,152.58,97.44,945385.68,603738.24,341647.44
Asia,China,Fruits,Offline,L,1/25/2014,679571616,2/28/2014,9198,9.33,6.92,85817.34,63650.16,22167.18
Sub-Saharan Africa,Niger,Vegetables,Online,M,2/7/2011,452367913,2/18/2011,4573,154.06,90.93,704516.38,415822.89,288693.49
Middle East and North Africa,Turkey,Cosmetics,Online,H,4/11/2017,805201137,4/12/2017,5765,437.2,263.33,2520458,1518097.45,1002360.55
Sub-Saharan Africa,Ghana,Clothes,Offline,L,4/24/2016,792807614,6/1/2016,8246,109.28,35.84,901122.88,295536.64,605586.24
Middle East and North Africa,Libya,Cosmetics,Offline,C,12/4/2011,440236175,1/15/2012,4522,437.2,263.33,1977018.4,1190778.26,786240.14
Europe,France,Cosmetics,Offline,L,6/18/2016,292848145,8/3/2016,9129,437.2,263.33,3991198.8,2403939.57,1587259.23
Europe,Croatia,Personal Care,Online,M,11/6/2016,966317355,11/29/2016,3634,81.73,56.67,297006.82,205938.78,91068.04
Asia,Uzbekistan,Cereal,Online,L,3/15/2016,896630132,3/25/2016,1636,205.7,117.11,336525.2,191591.96,144933.24
Middle East and North Africa,Somalia,Office Supplies,Offline,H,12/5/2014,390085303,1/4/2015,3765,651.21,524.96,2451805.65,1976474.4,475331.25
Australia and Oceania,Kiribati,Baby Food,Offline,M,6/29/2014,273294198,7/18/2014,2681,255.28,159.42,684405.68,427405.02,257000.66
Australia and Oceania,Australia,Meat,Offline,M,8/23/2013,543180644,8/27/2013,8078,421.89,364.69,3408027.42,2945965.82,462061.6
Sub-Saharan Africa,Liberia,Baby Food,Offline,H,3/11/2012,816980969,4/5/2012,1679,255.28,159.42,428615.12,267666.18,160948.94
Europe,Vatican City,Cosmetics,Offline,H,10/19/2014,782244002,10/25/2014,2238,437.2,263.33,978453.6,589332.54,389121.06
Asia,Bangladesh,Cereal,Online,H,1/19/2012,646831071,2/28/2012,543,205.7,117.11,111695.1,63590.73,48104.37
Europe,Slovakia,Beverages,Offline,H,7/10/2014,688916003,7/14/2014,4409,47.45,31.79,209207.05,140162.11,69044.94
Asia,Thailand,Clothes,Online,C,2/21/2011,806985127,4/3/2011,3687,109.28,35.84,402915.36,132142.08,270773.28
Europe,Russia,Household,Online,H,10/29/2010,969837272,11/28/2010,5255,668.27,502.54,3511758.85,2640847.7,870911.15
Australia and Oceania,New Zealand,Meat,Online,M,12/31/2015,766583764,1/15/2016,8026,421.89,364.69,3386089.14,2927001.94,459087.2
Europe,Luxembourg,Fruits,Online,H,3/15/2011,756648433,4/13/2011,7941,9.33,6.92,74089.53,54951.72,19137.81
Central America and the Caribbean,Antigua and Barbuda ,Meat,Offline,H,5/3/2012,219767606,5/18/2012,2973,421.89,364.69,1254278.97,1084223.37,170055.6
Europe,Slovakia,Cereal,Offline,H,6/12/2017,305990111,6/20/2017,8129,205.7,117.11,1672135.3,951987.19,720148.11
Middle East and North Africa,Morocco,Personal Care,Offline,L,6/26/2010,885677278,6/29/2010,443,81.73,56.67,36206.39,25104.81,11101.58
Asia,Taiwan,Personal Care,Offline,C,7/18/2010,999502933,8/24/2010,3984,81.73,56.67,325612.32,225773.28,99839.04
Europe,San Marino,Meat,Online,M,1/28/2015,208453404,2/3/2015,4850,421.89,364.69,2046166.5,1768746.5,277420
Australia and Oceania,Samoa ,Clothes,Offline,H,3/25/2011,843827521,5/12/2011,6170,109.28,35.84,674257.6,221132.8,453124.8
Middle East and North Africa,Azerbaijan,Meat,Offline,C,7/6/2017,357236611,7/18/2017,3107,421.89,364.69,1310812.23,1133091.83,177720.4
Australia and Oceania,Tuvalu,Fruits,Offline,L,11/4/2011,770604503,12/10/2011,7852,9.33,6.92,73259.16,54335.84,18923.32
Europe,Bosnia and Herzegovina,Beverages,Offline,M,1/27/2011,126167523,2/18/2011,4629,47.45,31.79,219646.05,147155.91,72490.14
Europe,Estonia,Clothes,Offline,C,3/9/2014,136474502,3/17/2014,4693,109.28,35.84,512851.04,168197.12,344653.92
Middle East and North Africa,Morocco,Meat,Online,C,8/28/2013,334386765,10/16/2013,1330,421.89,364.69,561113.7,485037.7,76076
Europe,Netherlands,Office Supplies,Offline,M,5/20/2014,323078143,6/23/2014,4857,651.21,524.96,3162926.97,2549730.72,613196.25
Europe,Montenegro,Baby Food,Online,L,10/5/2014,226034963,10/24/2014,7623,255.28,159.42,1945999.44,1215258.66,730740.78
Australia and Oceania,Tonga,Vegetables,Online,C,6/16/2010,237056052,8/2/2010,9009,154.06,90.93,1387926.54,819188.37,568738.17
Sub-Saharan Africa,Kenya,Snacks,Offline,L,5/9/2013,170252740,5/30/2013,424,152.58,97.44,64693.92,41314.56,23379.36
Sub-Saharan Africa,Tanzania,Fruits,Offline,M,6/17/2017,810048854,7/26/2017,312,9.33,6.92,2910.96,2159.04,751.92
Europe,Austria,Baby Food,Online,H,4/15/2010,761180722,4/21/2010,9146,255.28,159.42,2334790.88,1458055.32,876735.56
Europe,Denmark,Clothes,Offline,C,6/25/2014,498697173,7/15/2014,4431,109.28,35.84,484219.68,158807.04,325412.64
Middle East and North Africa,Yemen,Personal Care,Online,L,11/22/2015,117959535,12/30/2015,5702,81.73,56.67,466024.46,323132.34,142892.12
Sub-Saharan Africa,Djibouti,Baby Food,Online,M,10/15/2012,684641635,10/23/2012,9529,255.28,159.42,2432563.12,1519113.18,913449.94
Middle East and North Africa,United Arab Emirates,Cosmetics,Online,M,2/1/2012,184729802,3/14/2012,4508,437.2,263.33,1970897.6,1187091.64,783805.96
Sub-Saharan Africa,Guinea,Cosmetics,Offline,H,5/27/2010,274522864,7/3/2010,6271,437.2,263.33,2741681.2,1651342.43,1090338.77
Asia,Malaysia,Cereal,Offline,L,12/26/2012,430632150,1/1/2013,2478,205.7,117.11,509724.6,290198.58,219526.02
Europe,Iceland,Baby Food,Offline,M,10/21/2014,199981486,10/21/2014,7821,255.28,159.42,1996544.88,1246823.82,749721.06
Sub-Saharan Africa,The Gambia,Personal Care,Offline,C,11/16/2011,549807202,12/19/2011,9024,81.73,56.67,737531.52,511390.08,226141.44
Sub-Saharan Africa,Republic of the Congo,Beverages,Offline,M,8/26/2012,717658126,8/31/2012,9842,47.45,31.79,467002.9,312877.18,154125.72
Central America and the Caribbean,Haiti,Personal Care,Offline,M,7/4/2011,461395585,8/7/2011,6062,81.73,56.67,495447.26,343533.54,151913.72
Middle East and North Africa,Pakistan,Vegetables,Online,L,3/23/2015,509193408,4/14/2015,500,154.06,90.93,77030,45465,31565
Middle East and North Africa,Jordan,Personal Care,Offline,H,7/8/2016,309537923,8/14/2016,8005,81.73,56.67,654248.65,453643.35,200605.3
Central America and the Caribbean,Belize,Cosmetics,Online,C,12/15/2012,281227958,1/17/2013,457,437.2,263.33,199800.4,120341.81,79458.59
Europe,Austria,Cosmetics,Online,M,9/26/2010,463374841,10/25/2010,1767,437.2,263.33,772532.4,465304.11,307228.29
Sub-Saharan Africa,Burundi,Fruits,Online,H,5/3/2013,965402400,6/4/2013,2878,9.33,6.92,26851.74,19915.76,6935.98
Australia and Oceania,Palau,Office Supplies,Offline,C,2/27/2010,617046964,3/11/2010,6764,651.21,524.96,4404784.44,3550829.44,853955
Sub-Saharan Africa,Eritrea,Cereal,Online,L,8/6/2010,118357360,9/2/2010,3428,205.7,117.11,705139.6,401453.08,303686.52
Europe,Switzerland,Cosmetics,Online,M,7/16/2017,689694917,9/4/2017,4907,437.2,263.33,2145340.4,1292160.31,853180.09
Middle East and North Africa,Bahrain,Beverages,Online,C,1/4/2016,921733462,2/11/2016,269,47.45,31.79,12764.05,8551.51,4212.54
Europe,Serbia,Cosmetics,Online,H,10/21/2014,825459325,11/7/2014,613,437.2,263.33,268003.6,161421.29,106582.31
Central America and the Caribbean,Panama,Beverages,Offline,L,6/10/2012,482171332,7/27/2012,4067,47.45,31.79,192979.15,129289.93,63689.22
Sub-Saharan Africa,Burundi,Clothes,Online,L,1/24/2016,493480813,1/26/2016,794,109.28,35.84,86768.32,28456.96,58311.36
Asia,Malaysia,Household,Offline,L,12/15/2014,631311595,2/1/2015,7985,668.27,502.54,5336135.95,4012781.9,1323354.05
Middle East and North Africa,Algeria,Cosmetics,Online,H,8/8/2014,287900006,8/16/2014,4864,437.2,263.33,2126540.8,1280837.12,845703.68
Central America and the Caribbean,Trinidad and Tobago,Snacks,Offline,L,3/16/2010,725794875,5/4/2010,7687,152.58,97.44,1172882.46,749021.28,423861.18
Middle East and North Africa,Libya,Cosmetics,Online,C,3/3/2013,127857530,4/19/2013,4739,437.2,263.33,2071890.8,1247920.87,823969.93
Sub-Saharan Africa,Mauritania,Household,Online,C,1/14/2017,347261798,2/1/2017,1338,668.27,502.54,894145.26,672398.52,221746.74
Europe,Italy,Meat,Offline,C,5/30/2016,157494008,7/13/2016,4832,421.89,364.69,2038572.48,1762182.08,276390.4
Middle East and North Africa,Oman,Cosmetics,Online,H,10/2/2010,202352988,11/12/2010,9601,437.2,263.33,4197557.2,2528231.33,1669325.87
Europe,Slovenia,Personal Care,Online,M,9/21/2015,745950067,10/30/2015,2056,81.73,56.67,168036.88,116513.52,51523.36
Sub-Saharan Africa,Liberia,Cereal,Offline,M,12/22/2013,322709071,12/30/2013,5640,205.7,117.11,1160148,660500.4,499647.6
Central America and the Caribbean,Cuba,Personal Care,Online,H,12/15/2011,687366330,1/16/2012,5827,81.73,56.67,476240.71,330216.09,146024.62
Sub-Saharan Africa,Republic of the Congo,Cereal,Online,C,5/15/2013,964970672,6/15/2013,5120,205.7,117.11,1053184,599603.2,453580.8
Australia and Oceania,Federated States of Micronesia,Vegetables,Online,H,6/8/2015,800883424,7/16/2015,8057,154.06,90.93,1241261.42,732623.01,508638.41
Europe,Macedonia,Fruits,Online,H,8/18/2012,810778415,9/13/2012,6205,9.33,6.92,57892.65,42938.6,14954.05
Middle East and North Africa,Afghanistan,Meat,Online,H,8/30/2015,330641973,9/30/2015,3162,421.89,364.69,1334016.18,1153149.78,180866.4
Central America and the Caribbean,Barbados,Clothes,Offline,H,5/8/2017,566772925,6/4/2017,9558,109.28,35.84,1044498.24,342558.72,701939.52
Australia and Oceania,Solomon Islands,Meat,Online,C,8/7/2011,545782601,8/7/2011,8055,421.89,364.69,3398323.95,2937577.95,460746
Asia,Myanmar,Vegetables,Online,M,4/17/2012,264594829,5/15/2012,8345,154.06,90.93,1285630.7,758810.85,526819.85
Europe,Slovenia,Meat,Online,C,9/5/2011,240445935,10/23/2011,2150,421.89,364.69,907063.5,784083.5,122980
Middle East and North Africa,Egypt,Meat,Offline,L,5/31/2014,160884749,7/7/2014,8227,421.89,364.69,3470889.03,3000304.63,470584.4
Australia and Oceania,Tuvalu,Vegetables,Online,H,1/29/2011,233772599,3/6/2011,7362,154.06,90.93,1134189.72,669426.66,464763.06
Middle East and North Africa,Pakistan,Meat,Online,H,4/3/2012,737283313,4/26/2012,7371,421.89,364.69,3109751.19,2688129.99,421621.2
Asia,Cambodia,Clothes,Online,L,6/11/2014,669903218,7/21/2014,8104,109.28,35.84,885605.12,290447.36,595157.76
Australia and Oceania,Fiji,Office Supplies,Online,L,6/2/2011,900431144,6/20/2011,6440,651.21,524.96,4193792.4,3380742.4,813050
Europe,Italy,Cosmetics,Online,L,3/1/2013,117978417,3/1/2013,1290,437.2,263.33,563988,339695.7,224292.3
Middle East and North Africa,Oman,Baby Food,Online,H,10/21/2011,681968867,11/8/2011,8598,255.28,159.42,2194897.44,1370693.16,824204.28
Asia,Uzbekistan,Personal Care,Online,C,9/3/2015,972138822,9/19/2015,6335,81.73,56.67,517759.55,359004.45,158755.1
Middle East and North Africa,United Arab Emirates,Clothes,Offline,C,3/24/2015,338537108,4/22/2015,9508,109.28,35.84,1039034.24,340766.72,698267.52
Central America and the Caribbean,Costa Rica,Cereal,Offline,M,2/21/2017,451525056,2/23/2017,5153,205.7,117.11,1059972.1,603467.83,456504.27
Europe,Serbia,Cereal,Online,L,3/26/2010,351776492,4/16/2010,7336,205.7,117.11,1509015.2,859118.96,649896.24
Middle East and North Africa,Turkey,Cosmetics,Online,M,8/27/2014,500277745,9/30/2014,2157,437.2,263.33,943040.4,568002.81,375037.59
Central America and the Caribbean,Barbados,Snacks,Online,C,7/23/2017,528327643,8/19/2017,2745,152.58,97.44,418832.1,267472.8,151359.3
Australia and Oceania,Papua New Guinea,Vegetables,Offline,L,9/26/2014,587537515,9/26/2014,4262,154.06,90.93,656603.72,387543.66,269060.06
Europe,Malta,Beverages,Offline,L,5/26/2014,899831187,7/6/2014,8899,47.45,31.79,422257.55,282899.21,139358.34
Sub-Saharan Africa,Guinea,Household,Offline,M,9/5/2010,407444989,9/6/2010,881,668.27,502.54,588745.87,442737.74,146008.13
Middle East and North Africa,Syria,Clothes,Offline,H,2/17/2010,822927749,3/9/2010,1463,109.28,35.84,159876.64,52433.92,107442.72
Australia and Oceania,Palau,Cereal,Offline,M,10/20/2012,779140794,10/21/2012,3930,205.7,117.11,808401,460242.3,348158.7
Europe,Netherlands,Clothes,Offline,H,1/9/2016,779257953,2/13/2016,8600,109.28,35.84,939808,308224,631584
Asia,Philippines,Vegetables,Online,M,8/11/2010,946765553,9/6/2010,7821,154.06,90.93,1204903.26,711163.53,493739.73
Sub-Saharan Africa,Comoros,Snacks,Offline,H,12/13/2014,575462424,12/29/2014,974,152.58,97.44,148612.92,94906.56,53706.36
Australia and Oceania,Papua New Guinea,Clothes,Online,M,8/20/2010,379459893,9/2/2010,9470,109.28,35.84,1034881.6,339404.8,695476.8
Australia and Oceania,New Zealand,Snacks,Offline,M,5/25/2014,243181788,6/4/2014,1750,152.58,97.44,267015,170520,96495
Central America and the Caribbean,Saint Kitts and Nevis ,Office Supplies,Offline,M,9/27/2013,571364438,10/12/2013,8289,651.21,524.96,5397879.69,4351393.44,1046486.25
Europe,Hungary,Cosmetics,Online,L,3/1/2016,939056670,3/24/2016,6591,437.2,263.33,2881585.2,1735608.03,1145977.17
Europe,Latvia,Vegetables,Online,C,2/5/2015,541619813,3/21/2015,6193,154.06,90.93,954093.58,563129.49,390964.09
Europe,Greece,Fruits,Offline,C,5/18/2016,444727694,6/12/2016,3662,9.33,6.92,34166.46,25341.04,8825.42
Sub-Saharan Africa,Malawi,Cereal,Online,M,10/13/2011,434366643,11/9/2011,7597,205.7,117.11,1562702.9,889684.67,673018.23
Central America and the Caribbean,Jamaica,Cereal,Online,C,1/22/2013,366835486,3/12/2013,3627,205.7,117.11,746073.9,424757.97,321315.93
Central America and the Caribbean,Saint Vincent and the Grenadines,Cosmetics,Online,L,4/30/2010,618745553,5/1/2010,9414,437.2,263.33,4115800.8,2478988.62,1636812.18
Asia,Malaysia,Office Supplies,Online,M,9/10/2013,737020671,10/18/2013,9650,651.21,524.96,6284176.5,5065864,1218312.5
Australia and Oceania,Tuvalu,Household,Offline,M,8/7/2011,788897168,8/26/2011,1058,668.27,502.54,707029.66,531687.32,175342.34
Sub-Saharan Africa,Sudan,Clothes,Online,L,7/3/2012,911923873,8/22/2012,7394,109.28,35.84,808016.32,265000.96,543015.36
Asia,Turkmenistan,Office Supplies,Online,H,10/9/2010,863962113,11/22/2010,4443,651.21,524.96,2893326.03,2332397.28,560928.75
Europe,Slovakia,Office Supplies,Offline,H,3/12/2013,473185718,3/16/2013,5024,651.21,524.96,3271679.04,2637399.04,634280
Central America and the Caribbean,Haiti,Fruits,Offline,M,6/26/2012,988081014,6/26/2012,3984,9.33,6.92,37170.72,27569.28,9601.44
Central America and the Caribbean,The Bahamas,Office Supplies,Online,C,10/12/2013,127446830,11/16/2013,3204,651.21,524.96,2086476.84,1681971.84,404505
Middle East and North Africa,Tunisia ,Office Supplies,Offline,M,9/17/2015,630394494,10/15/2015,6594,651.21,524.96,4294078.74,3461586.24,832492.5
Asia,Cambodia,Personal Care,Offline,C,3/6/2014,806347835,4/11/2014,5098,81.73,56.67,416659.54,288903.66,127755.88
Asia,Maldives,Cereal,Offline,M,9/23/2013,385043179,10/21/2013,1688,205.7,117.11,347221.6,197681.68,149539.92
Asia,Kazakhstan,Vegetables,Offline,H,3/9/2016,966529357,3/21/2016,6370,154.06,90.93,981362.2,579224.1,402138.1
Europe,Lithuania,Fruits,Online,C,11/12/2016,171167695,11/24/2016,1180,9.33,6.92,11009.4,8165.6,2843.8
Asia,Laos,Baby Food,Offline,H,12/7/2015,189632022,1/13/2016,5184,255.28,159.42,1323371.52,826433.28,496938.24
Sub-Saharan Africa,Liberia,Office Supplies,Online,L,8/14/2014,132908666,8/22/2014,9483,651.21,524.96,6175424.43,4978195.68,1197228.75
Sub-Saharan Africa,Gabon,Personal Care,Online,C,6/8/2011,982296454,7/18/2011,2205,81.73,56.67,180214.65,124957.35,55257.3
Asia,Cambodia,Cosmetics,Online,H,7/11/2013,639406716,7/15/2013,3511,437.2,263.33,1535009.2,924551.63,610457.57
Asia,Japan,Beverages,Offline,M,3/5/2010,676163280,3/21/2010,595,47.45,31.79,28232.75,18915.05,9317.7
Middle East and North Africa,Algeria,Meat,Online,C,6/12/2014,484802472,6/13/2014,2680,421.89,364.69,1130665.2,977369.2,153296
Asia,Nepal,Meat,Offline,L,12/16/2013,427873122,1/9/2014,6020,421.89,364.69,2539777.8,2195433.8,344344
Europe,Slovakia,Vegetables,Offline,C,7/21/2012,488236558,8/3/2012,8902,154.06,90.93,1371442.12,809458.86,561983.26
Europe,France,Personal Care,Offline,H,5/5/2011,719066607,6/7/2011,6643,81.73,56.67,542932.39,376458.81,166473.58
Central America and the Caribbean,Costa Rica,Office Supplies,Online,M,7/1/2012,793849599,7/15/2012,6592,651.21,524.96,4292776.32,3460536.32,832240
Europe,Romania,Fruits,Offline,H,6/25/2015,456384360,7/19/2015,3129,9.33,6.92,29193.57,21652.68,7540.89
Middle East and North Africa,Oman,Cosmetics,Offline,L,3/29/2013,870782220,5/13/2013,2664,437.2,263.33,1164700.8,701511.12,463189.68
Europe,Kosovo,Fruits,Online,C,2/24/2011,571467006,4/9/2011,8641,9.33,6.92,80620.53,59795.72,20824.81
Europe,Portugal,Personal Care,Online,H,8/23/2015,413175046,8/27/2015,6533,81.73,56.67,533942.09,370225.11,163716.98
Europe,Austria,Cereal,Online,M,4/17/2015,420955169,6/4/2015,8844,205.7,117.11,1819210.8,1035720.84,783489.96
Central America and the Caribbean,Haiti,Household,Online,C,11/16/2014,240168702,11/23/2014,111,668.27,502.54,74177.97,55781.94,18396.03
Central America and the Caribbean,Cuba,Cereal,Offline,M,6/17/2016,486489474,6/23/2016,1901,205.7,117.11,391035.7,222626.11,168409.59
Middle East and North Africa,Oman,Cereal,Online,C,8/5/2015,495903813,9/4/2015,7813,205.7,117.11,1607134.1,914980.43,692153.67
Australia and Oceania,Nauru,Fruits,Online,M,9/3/2012,574710547,9/4/2012,8477,9.33,6.92,79090.41,58660.84,20429.57
Asia,Mongolia,Cosmetics,Online,C,10/1/2016,649521005,10/10/2016,6554,437.2,263.33,2865408.8,1725864.82,1139543.98
Europe,Cyprus,Vegetables,Offline,C,6/3/2011,717259013,7/2/2011,1736,154.06,90.93,267448.16,157854.48,109593.68
Middle East and North Africa,Turkey,Cereal,Online,H,8/22/2011,395160901,10/10/2011,5747,205.7,117.11,1182157.9,673031.17,509126.73
Sub-Saharan Africa,South Africa,Beverages,Online,M,7/1/2014,270775496,8/15/2014,7341,47.45,31.79,348330.45,233370.39,114960.06
Asia,Indonesia,Snacks,Offline,L,7/31/2010,551964128,8/9/2010,7306,152.58,97.44,1114749.48,711896.64,402852.84
Asia,Cambodia,Fruits,Online,H,6/19/2010,616900622,7/8/2010,3458,9.33,6.92,32263.14,23929.36,8333.78
Australia and Oceania,Samoa ,Baby Food,Online,L,8/24/2010,364071309,9/10/2010,5646,255.28,159.42,1441310.88,900085.32,541225.56
Europe,Norway,Vegetables,Online,M,6/24/2012,662275016,7/29/2012,749,154.06,90.93,115390.94,68106.57,47284.37
Sub-Saharan Africa,South Sudan,Beverages,Offline,H,10/20/2010,200623071,11/2/2010,7680,47.45,31.79,364416,244147.2,120268.8
Asia,Mongolia,Beverages,Online,M,11/18/2012,438539302,12/23/2012,2380,47.45,31.79,112931,75660.2,37270.8
Sub-Saharan Africa,Lesotho,Snacks,Online,M,11/27/2011,655760037,1/12/2012,2822,152.58,97.44,430580.76,274975.68,155605.08
Asia,Nepal,Household,Online,H,6/23/2013,202334105,7/21/2013,4013,668.27,502.54,2681767.51,2016693.02,665074.49
Asia,Bhutan,Household,Offline,L,9/14/2016,748622834,10/14/2016,2988,668.27,502.54,1996790.76,1501589.52,495201.24
Sub-Saharan Africa,Zimbabwe,Household,Online,L,5/23/2010,435300052,6/26/2010,3813,668.27,502.54,2548113.51,1916185.02,631928.49
Asia,Nepal,Baby Food,Online,M,9/14/2014,623352086,10/25/2014,2589,255.28,159.42,660919.92,412738.38,248181.54
Middle East and North Africa,Morocco,Cosmetics,Online,C,10/14/2016,944077765,11/18/2016,2445,437.2,263.33,1068954,643841.85,425112.15
Sub-Saharan Africa,Nigeria,Fruits,Offline,C,6/7/2012,649088418,6/23/2012,8542,9.33,6.92,79696.86,59110.64,20586.22
Australia and Oceania,Australia,Clothes,Online,C,6/5/2017,860307872,6/29/2017,3072,109.28,35.84,335708.16,110100.48,225607.68
Europe,Belgium,Personal Care,Offline,C,10/4/2010,519972455,10/13/2010,259,81.73,56.67,21168.07,14677.53,6490.54
Middle East and North Africa,Morocco,Baby Food,Offline,C,2/13/2014,440630996,2/23/2014,1358,255.28,159.42,346670.24,216492.36,130177.88
Sub-Saharan Africa,Guinea-Bissau,Beverages,Online,H,6/3/2012,155144822,7/5/2012,9655,47.45,31.79,458129.75,306932.45,151197.3
Europe,Switzerland,Fruits,Online,H,7/25/2010,166687762,8/7/2010,5468,9.33,6.92,51016.44,37838.56,13177.88
Sub-Saharan Africa,Mauritius ,Snacks,Offline,L,7/3/2014,598746144,7/13/2014,1144,152.58,97.44,174551.52,111471.36,63080.16
Europe,Slovenia,Meat,Online,L,5/6/2012,745118796,5/20/2012,6065,421.89,364.69,2558762.85,2211844.85,346918
Middle East and North Africa,Pakistan,Snacks,Offline,H,12/19/2015,419917047,1/21/2016,1640,152.58,97.44,250231.2,159801.6,90429.6
Asia,Myanmar,Meat,Offline,M,10/22/2011,407564723,10/31/2011,6313,421.89,364.69,2663391.57,2302287.97,361103.6
Asia,North Korea,Baby Food,Online,H,2/2/2010,212798154,2/3/2010,557,255.28,159.42,142190.96,88796.94,53394.02
Europe,Romania,Snacks,Online,L,10/1/2010,310666167,10/5/2010,1877,152.58,97.44,286392.66,182894.88,103497.78
Central America and the Caribbean,Dominican Republic,Fruits,Online,H,10/10/2014,796530091,11/7/2014,9810,9.33,6.92,91527.3,67885.2,23642.1
Asia,Kyrgyzstan,Clothes,Online,C,11/14/2012,936063754,12/4/2012,921,109.28,35.84,100646.88,33008.64,67638.24
Europe,Lithuania,Fruits,Offline,C,12/13/2011,515253484,1/22/2012,3811,9.33,6.92,35556.63,26372.12,9184.51
North America,Mexico,Cosmetics,Offline,C,3/12/2016,290398108,4/19/2016,4108,437.2,263.33,1796017.6,1081759.64,714257.96
Europe,Armenia,Office Supplies,Offline,M,9/20/2015,638108956,10/15/2015,9475,651.21,524.96,6170214.75,4973996,1196218.75
Sub-Saharan Africa,Niger,Cereal,Online,M,1/19/2013,205309855,1/21/2013,4604,205.7,117.11,947042.8,539174.44,407868.36
Europe,Austria,Beverages,Offline,H,10/19/2011,859237134,11/22/2011,6217,47.45,31.79,294996.65,197638.43,97358.22
Asia,Tajikistan,Snacks,Online,C,10/28/2012,937439620,11/19/2012,8070,152.58,97.44,1231320.6,786340.8,444979.8
Sub-Saharan Africa,Comoros,Meat,Offline,M,7/5/2010,197778642,8/5/2010,5950,421.89,364.69,2510245.5,2169905.5,340340
Sub-Saharan Africa,Mauritius ,Clothes,Offline,H,8/22/2011,268428027,9/6/2011,2673,109.28,35.84,292105.44,95800.32,196305.12
Asia,Philippines,Baby Food,Online,C,7/1/2016,597874104,8/12/2016,3088,255.28,159.42,788304.64,492288.96,296015.68
Central America and the Caribbean,Guatemala,Beverages,Offline,M,1/30/2015,704915702,2/14/2015,9076,47.45,31.79,430656.2,288526.04,142130.16
Middle East and North Africa,Yemen,Snacks,Online,M,8/2/2013,628664147,8/6/2013,4546,152.58,97.44,693628.68,442962.24,250666.44
Europe,Luxembourg,Cereal,Online,C,6/29/2015,478543269,7/15/2015,442,205.7,117.11,90919.4,51762.62,39156.78
Middle East and North Africa,Turkey,Baby Food,Online,M,3/14/2010,884289395,4/4/2010,9738,255.28,159.42,2485916.64,1552431.96,933484.68
Europe,Luxembourg,Clothes,Online,C,9/4/2014,745951354,9/30/2014,2437,109.28,35.84,266315.36,87342.08,178973.28
Europe,Hungary,Office Supplies,Online,L,8/30/2016,383890473,9/2/2016,577,651.21,524.96,375748.17,302901.92,72846.25
Asia,India,Cosmetics,Online,C,4/30/2016,188780581,5/13/2016,3224,437.2,263.33,1409532.8,848975.92,560556.88
Middle East and North Africa,Azerbaijan,Beverages,Offline,M,11/26/2014,171608006,12/25/2014,1477,47.45,31.79,70083.65,46953.83,23129.82
Australia and Oceania,Kiribati,Meat,Offline,C,11/24/2010,413671576,12/5/2010,3467,421.89,364.69,1462692.63,1264380.23,198312.4
Europe,Malta,Household,Online,C,6/17/2011,616582620,7/22/2011,9354,668.27,502.54,6250997.58,4700759.16,1550238.42
Asia,Laos,Vegetables,Offline,M,6/10/2013,552264964,6/24/2013,6330,154.06,90.93,975199.8,575586.9,399612.9
Middle East and North Africa,Morocco,Baby Food,Offline,H,10/5/2014,512954938,10/29/2014,3620,255.28,159.42,924113.6,577100.4,347013.2
Central America and the Caribbean,Dominican Republic,Vegetables,Online,C,8/13/2010,861201369,9/11/2010,7478,154.06,90.93,1152060.68,679974.54,472086.14
Sub-Saharan Africa,Namibia,Clothes,Offline,M,5/30/2012,679865586,6/6/2012,6190,109.28,35.84,676443.2,221849.6,454593.6
Australia and Oceania,Marshall Islands,Clothes,Online,C,9/9/2013,922121417,10/5/2013,5074,109.28,35.84,554486.72,181852.16,372634.56
Sub-Saharan Africa,Namibia,Personal Care,Offline,M,8/18/2016,361455190,8/31/2016,1478,81.73,56.67,120796.94,83758.26,37038.68
Sub-Saharan Africa,Lesotho,Personal Care,Offline,H,2/10/2013,541665732,3/19/2013,9782,81.73,56.67,799482.86,554345.94,245136.92
Asia,Bangladesh,Snacks,Offline,H,3/27/2011,826864373,4/24/2011,6398,152.58,97.44,976206.84,623421.12,352785.72
Asia,North Korea,Personal Care,Online,C,5/14/2016,651474940,5/21/2016,4767,81.73,56.67,389606.91,270145.89,119461.02
Europe,Lithuania,Clothes,Offline,M,3/25/2012,870233762,3/29/2012,363,109.28,35.84,39668.64,13009.92,26658.72
Sub-Saharan Africa,Zimbabwe,Vegetables,Online,C,2/10/2010,608189666,3/25/2010,5692,154.06,90.93,876909.52,517573.56,359335.96
Europe,Estonia,Cosmetics,Offline,C,10/17/2014,410703980,10/22/2014,5289,437.2,263.33,2312350.8,1392752.37,919598.43
Sub-Saharan Africa,Mali,Cosmetics,Offline,H,3/10/2013,893450534,3/25/2013,722,437.2,263.33,315658.4,190124.26,125534.14
Europe,Georgia,Snacks,Online,H,12/30/2015,492415654,1/6/2016,5589,152.58,97.44,852769.62,544592.16,308177.46
Europe,Latvia,Beverages,Online,C,1/17/2016,413898169,1/22/2016,521,47.45,31.79,24721.45,16562.59,8158.86
Middle East and North Africa,Tunisia ,Baby Food,Offline,H,10/21/2014,584509408,12/8/2014,8178,255.28,159.42,2087679.84,1303736.76,783943.08
Central America and the Caribbean,Honduras,Personal Care,Online,L,1/7/2011,101173198,1/15/2011,8252,81.73,56.67,674435.96,467640.84,206795.12
Asia,Mongolia,Beverages,Offline,M,1/27/2012,381125867,2/23/2012,2468,47.45,31.79,117106.6,78457.72,38648.88
Central America and the Caribbean,Panama,Personal Care,Offline,M,1/22/2015,211916244,2/22/2015,9581,81.73,56.67,783055.13,542955.27,240099.86
Middle East and North Africa,Afghanistan,Meat,Offline,M,7/22/2010,701405656,8/1/2010,375,421.89,364.69,158208.75,136758.75,21450
Sub-Saharan Africa,Sudan,Cosmetics,Online,L,9/19/2016,327767932,11/2/2016,2670,437.2,263.33,1167324,703091.1,464232.9
Australia and Oceania,Tuvalu,Office Supplies,Online,C,11/24/2014,789489400,12/17/2014,6312,651.21,524.96,4110437.52,3313547.52,796890
Asia,India,Office Supplies,Online,M,1/5/2014,255368888,2/3/2014,8184,651.21,524.96,5329502.64,4296272.64,1033230
Europe,Malta,Beverages,Offline,H,6/26/2016,114517724,6/29/2016,7194,47.45,31.79,341355.3,228697.26,112658.04
Asia,Bhutan,Cereal,Offline,H,6/7/2014,926359736,7/7/2014,9287,205.7,117.11,1910335.9,1087600.57,822735.33
Europe,Slovenia,Vegetables,Online,C,3/8/2016,170631253,3/11/2016,2434,154.06,90.93,374982.04,221323.62,153658.42
Australia and Oceania,Tuvalu,Household,Online,L,3/15/2012,797381103,3/20/2012,1643,668.27,502.54,1097967.61,825673.22,272294.39
Europe,Spain,Meat,Online,H,9/27/2016,876970613,11/1/2016,3947,421.89,364.69,1665199.83,1439431.43,225768.4
Europe,Lithuania,Meat,Offline,H,1/10/2011,350073611,2/4/2011,3416,421.89,364.69,1441176.24,1245781.04,195395.2
Australia and Oceania,Tuvalu,Cereal,Online,C,3/23/2015,577676427,4/16/2015,6147,205.7,117.11,1264437.9,719875.17,544562.73
Australia and Oceania,East Timor,Personal Care,Offline,M,6/27/2016,291077888,7/17/2016,5270,81.73,56.67,430717.1,298650.9,132066.2
Sub-Saharan Africa,Guinea-Bissau,Office Supplies,Online,M,8/9/2010,541889321,8/20/2010,5947,651.21,524.96,3872745.87,3121937.12,750808.75
Europe,Serbia,Clothes,Offline,L,5/11/2013,652034556,6/16/2013,370,109.28,35.84,40433.6,13260.8,27172.8
Sub-Saharan Africa,Tanzania,Household,Online,L,4/23/2011,463749921,6/7/2011,2762,668.27,502.54,1845761.74,1388015.48,457746.26
Middle East and North Africa,Somalia,Office Supplies,Offline,L,1/5/2011,789584243,2/3/2011,4379,651.21,524.96,2851648.59,2298799.84,552848.75
Central America and the Caribbean,Saint Vincent and the Grenadines,Snacks,Online,H,7/7/2012,262398850,8/17/2012,8506,152.58,97.44,1297845.48,828824.64,469020.84
Central America and the Caribbean,Panama,Baby Food,Offline,M,2/23/2013,285367572,3/15/2013,5461,255.28,159.42,1394084.08,870592.62,523491.46
Central America and the Caribbean,Grenada,Personal Care,Offline,M,4/20/2011,981976735,5/13/2011,7592,81.73,56.67,620494.16,430238.64,190255.52
Europe,Finland,Office Supplies,Offline,L,3/19/2010,746025168,4/29/2010,4281,651.21,524.96,2787830.01,2247353.76,540476.25
North America,Mexico,Cosmetics,Offline,M,3/12/2014,291624200,4/12/2014,6936,437.2,263.33,3032419.2,1826456.88,1205962.32
Europe,Armenia,Office Supplies,Offline,C,4/5/2017,403197658,5/12/2017,4002,651.21,524.96,2606142.42,2100889.92,505252.5
Europe,Vatican City,Clothes,Offline,C,6/27/2014,585481870,7/12/2014,5951,109.28,35.84,650325.28,213283.84,437041.44
Central America and the Caribbean,Panama,Household,Offline,C,5/18/2013,413525664,6/1/2013,288,668.27,502.54,192461.76,144731.52,47730.24
Sub-Saharan Africa,Sao Tome and Principe,Office Supplies,Offline,C,12/5/2014,882690370,1/15/2015,6551,651.21,524.96,4266076.71,3439012.96,827063.75
Sub-Saharan Africa,Mauritius ,Vegetables,Online,H,5/30/2017,358649814,7/12/2017,1305,154.06,90.93,201048.3,118663.65,82384.65
Asia,Malaysia,Personal Care,Offline,L,8/3/2012,427390325,9/3/2012,3149,81.73,56.67,257367.77,178453.83,78913.94
Europe,United Kingdom,Meat,Offline,H,3/24/2012,945210731,3/29/2012,7715,421.89,364.69,3254881.35,2813583.35,441298
Australia and Oceania,Tonga,Snacks,Online,H,1/3/2014,488722360,1/29/2014,2662,152.58,97.44,406167.96,259385.28,146782.68
Sub-Saharan Africa,Angola,Beverages,Offline,C,11/20/2012,404849040,1/5/2013,2682,47.45,31.79,127260.9,85260.78,42000.12
Central America and the Caribbean,Saint Lucia,Vegetables,Offline,H,6/19/2012,760827100,7/16/2012,4501,154.06,90.93,693424.06,409275.93,284148.13
Europe,Luxembourg,Cereal,Online,L,8/15/2013,794205367,9/6/2013,1872,205.7,117.11,385070.4,219229.92,165840.48
Europe,France,Snacks,Offline,L,9/21/2010,262845170,11/7/2010,582,152.58,97.44,88801.56,56710.08,32091.48
Middle East and North Africa,Libya,Vegetables,Online,H,7/22/2010,794920337,7/26/2010,3447,154.06,90.93,531044.82,313435.71,217609.11
Central America and the Caribbean,Saint Vincent and the Grenadines,Baby Food,Online,C,5/31/2013,938917195,6/11/2013,5318,255.28,159.42,1357579.04,847795.56,509783.48
Sub-Saharan Africa,Democratic Republic of the Congo,Personal Care,Offline,H,11/7/2016,213634574,12/1/2016,8073,81.73,56.67,659806.29,457496.91,202309.38
Europe,France,Office Supplies,Online,C,12/7/2011,458183801,12/16/2011,5623,651.21,524.96,3661753.83,2951850.08,709903.75
Sub-Saharan Africa,South Africa,Snacks,Online,M,4/12/2017,881988704,5/8/2017,8912,152.58,97.44,1359792.96,868385.28,491407.68
Europe,Spain,Baby Food,Offline,L,9/18/2014,314785611,10/31/2014,912,255.28,159.42,232815.36,145391.04,87424.32
Sub-Saharan Africa,Nigeria,Office Supplies,Online,H,8/21/2013,356623351,9/7/2013,1629,651.21,524.96,1060821.09,855159.84,205661.25
Europe,Latvia,Snacks,Online,L,12/7/2016,427863252,12/30/2016,3099,152.58,97.44,472845.42,301966.56,170878.86
Asia,North Korea,Personal Care,Offline,H,3/14/2017,919179141,4/1/2017,4389,81.73,56.67,358712.97,248724.63,109988.34
Central America and the Caribbean,Dominican Republic,Meat,Offline,M,8/31/2015,941557347,9/27/2015,6597,421.89,364.69,2783208.33,2405859.93,377348.4
Middle East and North Africa,Iraq,Personal Care,Online,C,11/2/2010,576296699,11/12/2010,7855,81.73,56.67,641989.15,445142.85,196846.3
Sub-Saharan Africa,Swaziland,Office Supplies,Online,H,6/10/2017,425008523,7/24/2017,8321,651.21,524.96,5418718.41,4368192.16,1050526.25
Middle East and North Africa,Azerbaijan,Baby Food,Offline,L,3/7/2017,259616649,4/15/2017,5190,255.28,159.42,1324903.2,827389.8,497513.4
Europe,Estonia,Clothes,Online,M,7/20/2015,372357404,8/13/2015,7685,109.28,35.84,839816.8,275430.4,564386.4
Middle East and North Africa,Algeria,Vegetables,Online,M,4/26/2015,225779616,5/7/2015,2061,154.06,90.93,317517.66,187406.73,130110.93
Middle East and North Africa,Somalia,Vegetables,Offline,H,9/27/2012,702744615,10/27/2012,6603,154.06,90.93,1017258.18,600410.79,416847.39
Central America and the Caribbean,El Salvador,Cereal,Online,C,7/6/2016,956426227,8/22/2016,6629,205.7,117.11,1363585.3,776322.19,587263.11
Asia,Vietnam,Snacks,Offline,L,8/29/2013,660310781,10/8/2013,9488,152.58,97.44,1447679.04,924510.72,523168.32
Middle East and North Africa,Bahrain,Baby Food,Online,L,3/21/2011,458197104,4/17/2011,9560,255.28,159.42,2440476.8,1524055.2,916421.6
Sub-Saharan Africa,Sao Tome and Principe,Clothes,Offline,C,4/10/2017,614196527,5/21/2017,3256,109.28,35.84,355815.68,116695.04,239120.64
Sub-Saharan Africa,Guinea-Bissau,Cereal,Online,C,6/27/2014,562732875,8/15/2014,4018,205.7,117.11,826502.6,470547.98,355954.62
Europe,Luxembourg,Cereal,Offline,C,11/11/2016,258542478,12/15/2016,7319,205.7,117.11,1505518.3,857128.09,648390.21
Central America and the Caribbean,Haiti,Clothes,Offline,C,12/23/2012,626674163,1/8/2013,5666,109.28,35.84,619180.48,203069.44,416111.04
Asia,Thailand,Beverages,Online,M,3/8/2015,412489259,4/9/2015,3593,47.45,31.79,170487.85,114221.47,56266.38
Asia,Philippines,Vegetables,Offline,C,5/23/2010,231661593,5/24/2010,2668,154.06,90.93,411032.08,242601.24,168430.84
Central America and the Caribbean,Antigua and Barbuda ,Clothes,Online,M,11/15/2016,320177495,11/27/2016,6491,109.28,35.84,709336.48,232637.44,476699.04
Sub-Saharan Africa,Zambia,Snacks,Online,C,4/25/2012,984335792,6/1/2012,5690,152.58,97.44,868180.2,554433.6,313746.6
Europe,Serbia,Baby Food,Offline,L,4/30/2013,350747811,5/12/2013,2927,255.28,159.42,747204.56,466622.34,280582.22
Australia and Oceania,Samoa ,Baby Food,Offline,C,2/2/2011,216337382,2/17/2011,7894,255.28,159.42,2015180.32,1258461.48,756718.84
Australia and Oceania,Papua New Guinea,Beverages,Offline,H,12/24/2012,198340833,1/27/2013,2315,47.45,31.79,109846.75,73593.85,36252.9
Europe,Portugal,Vegetables,Online,C,2/3/2016,884306991,3/20/2016,4945,154.06,90.93,761826.7,449648.85,312177.85
Europe,Croatia,Office Supplies,Online,M,1/2/2011,682097184,2/12/2011,6569,651.21,524.96,4277798.49,3448462.24,829336.25
Sub-Saharan Africa,Malawi,Fruits,Offline,L,11/15/2015,769885241,1/1/2016,5006,9.33,6.92,46705.98,34641.52,12064.46
Asia,Malaysia,Baby Food,Online,M,1/18/2012,146157491,1/25/2012,104,255.28,159.42,26549.12,16579.68,9969.44
Sub-Saharan Africa,Botswana,Household,Online,L,1/9/2016,579712760,1/10/2016,8743,668.27,502.54,5842684.61,4393707.22,1448977.39
Asia,Japan,Cosmetics,Online,H,1/26/2015,759662377,2/18/2015,9834,437.2,263.33,4299424.8,2589587.22,1709837.58
Australia and Oceania,Vanuatu,Vegetables,Offline,H,6/15/2016,345430171,6/18/2016,9319,154.06,90.93,1435685.14,847376.67,588308.47
Middle East and North Africa,Yemen,Baby Food,Offline,L,5/13/2013,416752469,6/21/2013,5172,255.28,159.42,1320308.16,824520.24,495787.92
Australia and Oceania,Nauru,Beverages,Online,M,5/27/2011,323678100,6/7/2011,2397,47.45,31.79,113737.65,76200.63,37537.02
Asia,South Korea,Meat,Online,C,3/31/2017,836568391,4/18/2017,8032,421.89,364.69,3388620.48,2929190.08,459430.4
Australia and Oceania,Palau,Meat,Offline,C,2/18/2012,996097171,4/2/2012,6143,421.89,364.69,2591670.27,2240290.67,351379.6
Australia and Oceania,Nauru,Fruits,Offline,M,3/21/2016,363250768,4/27/2016,2829,9.33,6.92,26394.57,19576.68,6817.89
Sub-Saharan Africa,Chad,Fruits,Offline,H,8/30/2016,369328010,10/3/2016,1220,9.33,6.92,11382.6,8442.4,2940.2
Sub-Saharan Africa,Guinea,Clothes,Online,H,10/27/2016,265940225,11/30/2016,6477,109.28,35.84,707806.56,232135.68,475670.88
Asia,Singapore,Baby Food,Online,M,5/2/2017,275011241,5/27/2017,792,255.28,159.42,202181.76,126260.64,75921.12
North America,United States of America,Baby Food,Online,L,5/2/2012,238777387,5/11/2012,8390,255.28,159.42,2141799.2,1337533.8,804265.4
Europe,Estonia,Cereal,Offline,C,12/13/2015,969787490,1/8/2016,524,205.7,117.11,107786.8,61365.64,46421.16
Central America and the Caribbean,Dominican Republic,Baby Food,Offline,L,1/31/2013,200902879,2/27/2013,481,255.28,159.42,122789.68,76681.02,46108.66
Sub-Saharan Africa,Mozambique,Beverages,Online,H,3/17/2016,235297381,3/22/2016,8579,47.45,31.79,407073.55,272726.41,134347.14
Europe,Netherlands,Office Supplies,Online,H,2/21/2016,296457326,3/5/2016,7166,651.21,524.96,4666570.86,3761863.36,904707.5
Middle East and North Africa,Tunisia ,Meat,Offline,L,2/16/2016,578181540,4/2/2016,5621,421.89,364.69,2371443.69,2049922.49,321521.2
Australia and Oceania,Australia,Personal Care,Online,C,11/24/2012,894581353,12/1/2012,5357,81.73,56.67,437827.61,303581.19,134246.42
North America,Greenland,Personal Care,Offline,C,8/14/2015,230080592,9/25/2015,4815,81.73,56.67,393529.95,272866.05,120663.9
Asia,Kyrgyzstan,Clothes,Offline,H,10/14/2011,789415585,10/22/2011,4469,109.28,35.84,488372.32,160168.96,328203.36
Sub-Saharan Africa,Senegal,Household,Offline,L,6/25/2016,347635161,6/26/2016,1824,668.27,502.54,1218924.48,916632.96,302291.52
Middle East and North Africa,Egypt,Household,Online,H,7/22/2015,800100648,8/22/2015,6417,668.27,502.54,4288288.59,3224799.18,1063489.41
Central America and the Caribbean,Saint Kitts and Nevis ,Cosmetics,Online,L,11/6/2014,512485873,12/20/2014,4813,437.2,263.33,2104243.6,1267407.29,836836.31
Sub-Saharan Africa,Malawi,Cosmetics,Offline,L,9/14/2013,170777165,9/14/2013,5613,437.2,263.33,2454003.6,1478071.29,975932.31
Central America and the Caribbean,Barbados,Beverages,Online,L,4/22/2016,531273353,4/22/2016,4446,47.45,31.79,210962.7,141338.34,69624.36
Sub-Saharan Africa,Ethiopia,Meat,Online,H,10/8/2012,170585763,10/14/2012,8973,421.89,364.69,3785618.97,3272363.37,513255.6
North America,United States of America,Beverages,Offline,L,3/12/2013,435638225,3/29/2013,3886,47.45,31.79,184390.7,123535.94,60854.76
Asia,Kyrgyzstan,Beverages,Offline,L,8/11/2013,493667066,9/29/2013,5910,47.45,31.79,280429.5,187878.9,92550.6
Sub-Saharan Africa,Guinea-Bissau,Meat,Online,L,11/22/2014,482221114,11/22/2014,8799,421.89,364.69,3712210.11,3208907.31,503302.8
Asia,North Korea,Fruits,Offline,M,5/29/2011,159161698,7/9/2011,8338,9.33,6.92,77793.54,57698.96,20094.58
Sub-Saharan Africa,Angola,Baby Food,Online,L,7/9/2017,252662646,7/30/2017,7347,255.28,159.42,1875542.16,1171258.74,704283.42
Middle East and North Africa,United Arab Emirates,Cosmetics,Offline,H,10/19/2010,211210286,10/28/2010,672,437.2,263.33,293798.4,176957.76,116840.64
Sub-Saharan Africa,Tanzania,Meat,Online,H,7/11/2011,453603446,7/21/2011,195,421.89,364.69,82268.55,71114.55,11154
Europe,Slovenia,Cosmetics,Online,C,10/3/2010,118953454,11/15/2010,9825,437.2,263.33,4295490,2587217.25,1708272.75
Europe,Kosovo,Clothes,Online,C,12/19/2011,216684138,1/1/2012,507,109.28,35.84,55404.96,18170.88,37234.08
Sub-Saharan Africa,Malawi,Fruits,Online,H,2/17/2012,476531827,3/30/2012,5212,9.33,6.92,48627.96,36067.04,12560.92
Europe,Denmark,Cosmetics,Offline,L,1/26/2013,698545348,3/4/2013,3947,437.2,263.33,1725628.4,1039363.51,686264.89
Europe,Serbia,Office Supplies,Online,H,2/8/2010,303086030,2/28/2010,8746,651.21,524.96,5695482.66,4591300.16,1104182.5
Asia,Uzbekistan,Fruits,Online,M,12/20/2010,580827701,12/21/2010,8679,9.33,6.92,80975.07,60058.68,20916.39
Asia,Mongolia,Vegetables,Online,C,11/23/2016,642756688,11/26/2016,4842,154.06,90.93,745958.52,440283.06,305675.46
Europe,Slovakia,Snacks,Offline,M,4/1/2011,570171821,5/9/2011,5367,152.58,97.44,818896.86,522960.48,295936.38
Europe,Macedonia,Vegetables,Online,L,4/27/2016,964684426,5/27/2016,414,154.06,90.93,63780.84,37645.02,26135.82
Europe,Bulgaria,Clothes,Online,H,10/26/2013,698218333,12/8/2013,7176,109.28,35.84,784193.28,257187.84,527005.44
Europe,United Kingdom,Personal Care,Offline,H,10/23/2016,963009870,10/24/2016,4875,81.73,56.67,398433.75,276266.25,122167.5
Sub-Saharan Africa,Kenya,Personal Care,Offline,M,11/30/2012,321607863,12/22/2012,9768,81.73,56.67,798338.64,553552.56,244786.08
Sub-Saharan Africa,Chad,Cereal,Offline,H,7/18/2013,556873643,8/18/2013,141,205.7,117.11,29003.7,16512.51,12491.19
Europe,Croatia,Personal Care,Offline,H,3/27/2012,821981036,5/12/2012,1310,81.73,56.67,107066.3,74237.7,32828.6
Europe,United Kingdom,Vegetables,Online,H,3/2/2011,790416371,4/16/2011,624,154.06,90.93,96133.44,56740.32,39393.12
Central America and the Caribbean,Grenada,Household,Online,L,5/14/2017,205978477,6/29/2017,2463,668.27,502.54,1645949.01,1237756.02,408192.99
Sub-Saharan Africa,The Gambia,Snacks,Offline,H,3/19/2016,232778680,4/19/2016,3239,152.58,97.44,494206.62,315608.16,178598.46
Central America and the Caribbean,Barbados,Snacks,Online,M,1/29/2013,305240809,2/16/2013,6393,152.58,97.44,975443.94,622933.92,352510.02
Europe,San Marino,Household,Online,L,5/26/2014,378101193,7/5/2014,7400,668.27,502.54,4945198,3718796,1226402
Europe,Hungary,Office Supplies,Online,H,4/26/2016,476408660,5/14/2016,8764,651.21,524.96,5707204.44,4600749.44,1106455
Australia and Oceania,Solomon Islands,Clothes,Offline,H,1/17/2016,245524537,2/23/2016,5021,109.28,35.84,548694.88,179952.64,368742.24
Europe,Norway,Clothes,Offline,H,8/22/2015,301122653,9/8/2015,7739,109.28,35.84,845717.92,277365.76,568352.16
Sub-Saharan Africa,Mauritania,Snacks,Offline,H,8/26/2010,879189336,10/11/2010,517,152.58,97.44,78883.86,50376.48,28507.38
Europe,Serbia,Beverages,Online,H,8/18/2016,486023414,10/4/2016,3983,47.45,31.79,188993.35,126619.57,62373.78
Sub-Saharan Africa,Guinea-Bissau,Fruits,Online,M,4/30/2012,848236215,5/6/2012,800,9.33,6.92,7464,5536,1928
Europe,Kosovo,Personal Care,Online,H,8/20/2011,162751567,8/21/2011,660,81.73,56.67,53941.8,37402.2,16539.6
Australia and Oceania,Australia,Cosmetics,Online,M,5/12/2014,746805799,5/31/2014,5286,437.2,263.33,2311039.2,1391962.38,919076.82
Europe,Georgia,Office Supplies,Offline,M,1/9/2010,487947738,2/17/2010,3434,651.21,524.96,2236255.14,1802712.64,433542.5
Central America and the Caribbean,Antigua and Barbuda ,Office Supplies,Online,C,12/5/2011,494038712,1/23/2012,5889,651.21,524.96,3834975.69,3091489.44,743486.25
Sub-Saharan Africa,Liberia,Personal Care,Offline,L,7/2/2015,143252551,7/30/2015,468,81.73,56.67,38249.64,26521.56,11728.08
Middle East and North Africa,Oman,Clothes,Online,H,3/30/2017,234075582,4/18/2017,7021,109.28,35.84,767254.88,251632.64,515622.24
Europe,Ireland,Cereal,Offline,M,12/7/2010,735306632,12/8/2010,2427,205.7,117.11,499233.9,284225.97,215007.93
Sub-Saharan Africa,Republic of the Congo,Meat,Online,L,2/17/2014,336057031,3/9/2014,5598,421.89,364.69,2361740.22,2041534.62,320205.6
Asia,North Korea,Snacks,Online,M,5/19/2011,495750606,5/24/2011,2476,152.58,97.44,377788.08,241261.44,136526.64
Asia,Philippines,Snacks,Online,C,1/6/2011,494123685,1/8/2011,1034,152.58,97.44,157767.72,100752.96,57014.76
Australia and Oceania,Samoa ,Vegetables,Online,L,1/28/2011,581225097,3/14/2011,6277,154.06,90.93,967034.62,570767.61,396267.01
Sub-Saharan Africa,Botswana,Household,Online,C,8/27/2010,627416169,9/25/2010,5242,668.27,502.54,3503071.34,2634314.68,868756.66
Central America and the Caribbean,Cuba,Clothes,Online,C,9/17/2013,573370730,10/28/2013,1996,109.28,35.84,218122.88,71536.64,146586.24
Australia and Oceania,Solomon Islands,Household,Online,M,2/12/2010,880075109,3/11/2010,2637,668.27,502.54,1762227.99,1325197.98,437030.01
North America,Mexico,Cosmetics,Online,H,4/24/2017,278828132,5/19/2017,295,437.2,263.33,128974,77682.35,51291.65
Sub-Saharan Africa,Namibia,Fruits,Offline,M,12/9/2015,721241128,1/12/2016,132,9.33,6.92,1231.56,913.44,318.12
Sub-Saharan Africa,Lesotho,Vegetables,Online,L,3/18/2014,629237926,4/30/2014,4340,154.06,90.93,668620.4,394636.2,273984.2
Middle East and North Africa,United Arab Emirates,Meat,Offline,C,10/31/2013,745054852,11/1/2013,7142,421.89,364.69,3013138.38,2604615.98,408522.4
Europe,Slovakia,Beverages,Online,M,10/15/2013,981240737,10/15/2013,9794,47.45,31.79,464725.3,311351.26,153374.04
Central America and the Caribbean,Dominican Republic,Vegetables,Offline,M,2/14/2014,870656907,3/28/2014,5582,154.06,90.93,859962.92,507571.26,352391.66
Asia,Maldives,Baby Food,Offline,H,3/2/2012,916477191,3/20/2012,4822,255.28,159.42,1230960.16,768723.24,462236.92
Europe,Georgia,Meat,Offline,M,11/18/2013,342187917,12/21/2013,9864,421.89,364.69,4161522.96,3597302.16,564220.8
Middle East and North Africa,Pakistan,Clothes,Offline,H,12/10/2014,241587913,1/7/2015,87,109.28,35.84,9507.36,3118.08,6389.28
Europe,Greece,Fruits,Online,L,1/28/2012,428788506,2/8/2012,6903,9.33,6.92,64404.99,47768.76,16636.23
Sub-Saharan Africa,Senegal,Snacks,Offline,C,6/12/2014,788213527,7/8/2014,8753,152.58,97.44,1335532.74,852892.32,482640.42
Sub-Saharan Africa,Angola,Snacks,Online,L,2/16/2017,824599301,3/17/2017,6113,152.58,97.44,932721.54,595650.72,337070.82
Middle East and North Africa,Afghanistan,Beverages,Online,L,6/26/2012,112994658,7/13/2012,6485,47.45,31.79,307713.25,206158.15,101555.1
Central America and the Caribbean,Antigua and Barbuda ,Cosmetics,Offline,M,8/26/2016,548760926,10/15/2016,9408,437.2,263.33,4113177.6,2477408.64,1635768.96
Europe,Vatican City,Cosmetics,Offline,M,10/5/2012,497571933,10/27/2012,1447,437.2,263.33,632628.4,381038.51,251589.89
Central America and the Caribbean,Dominican Republic,Snacks,Offline,C,4/17/2015,645414006,6/4/2015,1202,152.58,97.44,183401.16,117122.88,66278.28
Sub-Saharan Africa,Benin,Personal Care,Online,L,4/15/2013,848585975,5/9/2013,4302,81.73,56.67,351602.46,243794.34,107808.12
Central America and the Caribbean,Belize,Vegetables,Offline,L,1/3/2012,583699166,1/16/2012,8409,154.06,90.93,1295490.54,764630.37,530860.17
Europe,Spain,Cereal,Online,L,12/23/2013,297677409,1/9/2014,8215,205.7,117.11,1689825.5,962058.65,727766.85
North America,United States of America,Household,Online,M,3/25/2015,957757031,5/12/2015,444,668.27,502.54,296711.88,223127.76,73584.12
Middle East and North Africa,Kuwait,Cereal,Online,H,8/19/2016,901486861,8/26/2016,8850,205.7,117.11,1820445,1036423.5,784021.5
Sub-Saharan Africa,Mauritius ,Beverages,Offline,L,7/25/2012,786728227,8/6/2012,9220,47.45,31.79,437489,293103.8,144385.2
Middle East and North Africa,Iraq,Beverages,Online,M,5/20/2017,441654956,6/5/2017,4371,47.45,31.79,207403.95,138954.09,68449.86
Australia and Oceania,Kiribati,Personal Care,Offline,L,3/26/2016,214753377,5/1/2016,9151,81.73,56.67,747911.23,518587.17,229324.06
Asia,Turkmenistan,Personal Care,Online,M,3/31/2014,524822318,4/25/2014,5441,81.73,56.67,444692.93,308341.47,136351.46
Sub-Saharan Africa,Central African Republic,Cosmetics,Online,C,1/18/2010,510973107,1/22/2010,7152,437.2,263.33,3126854.4,1883336.16,1243518.24
Australia and Oceania,Samoa ,Snacks,Online,C,9/13/2014,282629573,10/12/2014,5226,152.58,97.44,797383.08,509221.44,288161.64
Middle East and North Africa,Bahrain,Clothes,Offline,H,1/8/2010,469528043,1/28/2010,2637,109.28,35.84,288171.36,94510.08,193661.28
Sub-Saharan Africa,Sudan,Cosmetics,Offline,M,12/24/2012,871717345,1/28/2013,9389,437.2,263.33,4104870.8,2472405.37,1632465.43
Central America and the Caribbean,Nicaragua,Fruits,Offline,C,4/28/2011,909558808,6/13/2011,7519,9.33,6.92,70152.27,52031.48,18120.79
Europe,Austria,Baby Food,Offline,H,10/14/2012,973726260,10/26/2012,6094,255.28,159.42,1555676.32,971505.48,584170.84
Central America and the Caribbean,Saint Kitts and Nevis ,Vegetables,Online,L,1/11/2011,175206029,1/19/2011,6212,154.06,90.93,957020.72,564857.16,392163.56
Sub-Saharan Africa,Seychelles ,Fruits,Online,C,2/18/2012,395296943,4/2/2012,6005,9.33,6.92,56026.65,41554.6,14472.05
Asia,Bhutan,Office Supplies,Offline,M,9/4/2015,435610330,10/19/2015,5632,651.21,524.96,3667614.72,2956574.72,711040
Europe,Vatican City,Clothes,Online,H,12/7/2010,968070018,12/31/2010,2286,109.28,35.84,249814.08,81930.24,167883.84
Sub-Saharan Africa,Guinea,Household,Online,H,12/22/2010,484912335,12/30/2010,5191,668.27,502.54,3468989.57,2608685.14,860304.43
Europe,Romania,Baby Food,Online,M,12/28/2010,248686110,1/7/2011,601,255.28,159.42,153423.28,95811.42,57611.86
Middle East and North Africa,Somalia,Baby Food,Offline,L,10/27/2014,242252671,11/6/2014,6804,255.28,159.42,1736925.12,1084693.68,652231.44
Asia,Philippines,Fruits,Offline,L,1/2/2016,518785846,1/25/2016,9115,9.33,6.92,85042.95,63075.8,21967.15
Australia and Oceania,New Zealand,Baby Food,Online,C,9/19/2016,751771962,10/17/2016,4884,255.28,159.42,1246787.52,778607.28,468180.24
Asia,Singapore,Personal Care,Offline,L,6/1/2016,685009849,7/14/2016,8491,81.73,56.67,693969.43,481184.97,212784.46
Sub-Saharan Africa,Djibouti,Cereal,Offline,M,8/17/2015,582610833,10/5/2015,6347,205.7,117.11,1305577.9,743297.17,562280.73
Europe,Luxembourg,Household,Offline,M,2/22/2012,778998744,3/8/2012,1894,668.27,502.54,1265703.38,951810.76,313892.62
Central America and the Caribbean,Haiti,Office Supplies,Offline,C,5/28/2012,328909909,6/22/2012,606,651.21,524.96,394633.26,318125.76,76507.5
Middle East and North Africa,Jordan,Cosmetics,Offline,C,7/23/2012,157393157,9/9/2012,4988,437.2,263.33,2180753.6,1313490.04,867263.56
Sub-Saharan Africa,Tanzania,Beverages,Online,H,5/19/2017,809809815,6/7/2017,9575,47.45,31.79,454333.75,304389.25,149944.5
Sub-Saharan Africa,Sierra Leone,Vegetables,Offline,L,10/15/2013,201833713,10/25/2013,5936,154.06,90.93,914500.16,539760.48,374739.68
Asia,Uzbekistan,Cosmetics,Offline,H,6/22/2012,369451177,6/29/2012,7668,437.2,263.33,3352449.6,2019214.44,1333235.16
Asia,Tajikistan,Cosmetics,Online,L,11/6/2013,718961036,12/10/2013,5402,437.2,263.33,2361754.4,1422508.66,939245.74
Asia,Turkmenistan,Household,Offline,M,10/20/2011,276974618,11/17/2011,1799,668.27,502.54,1202217.73,904069.46,298148.27
Sub-Saharan Africa,South Africa,Office Supplies,Offline,C,8/26/2012,840415751,9/9/2012,6552,651.21,524.96,4266727.92,3439537.92,827190
Australia and Oceania,Kiribati,Meat,Offline,L,3/19/2016,226520764,4/21/2016,1383,421.89,364.69,583473.87,504366.27,79107.6
Europe,Bosnia and Herzegovina,Personal Care,Online,L,1/2/2012,822838485,1/11/2012,5048,81.73,56.67,412573.04,286070.16,126502.88
Sub-Saharan Africa,Sao Tome and Principe,Household,Online,L,4/27/2013,137230241,5/31/2013,8333,668.27,502.54,5568693.91,4187665.82,1381028.09
Sub-Saharan Africa,Niger,Baby Food,Online,H,8/8/2015,247869861,9/14/2015,9055,255.28,159.42,2311560.4,1443548.1,868012.3
Europe,Malta,Household,Online,M,5/5/2015,153243672,5/14/2015,7063,668.27,502.54,4719991.01,3549440.02,1170550.99
Middle East and North Africa,Afghanistan,Clothes,Offline,H,11/20/2013,722150504,12/21/2013,9237,109.28,35.84,1009419.36,331054.08,678365.28
Europe,Poland,Cereal,Online,M,8/29/2013,643701684,10/14/2013,4488,205.7,117.11,923181.6,525589.68,397591.92
Middle East and North Africa,Bahrain,Personal Care,Online,H,5/8/2014,477321040,6/12/2014,8758,81.73,56.67,715791.34,496315.86,219475.48
Australia and Oceania,Vanuatu,Beverages,Online,M,9/18/2016,402744901,11/1/2016,21,47.45,31.79,996.45,667.59,328.86
Asia,Kyrgyzstan,Beverages,Online,C,3/22/2011,670022094,3/28/2011,3282,47.45,31.79,155730.9,104334.78,51396.12
Europe,Georgia,Cereal,Online,H,2/10/2012,249513947,2/29/2012,5577,205.7,117.11,1147188.9,653122.47,494066.43
Middle East and North Africa,United Arab Emirates,Cereal,Offline,H,10/7/2015,881894290,10/23/2015,973,205.7,117.11,200146.1,113948.03,86198.07
Asia,Laos,Vegetables,Online,C,1/22/2012,328149449,3/8/2012,5569,154.06,90.93,857960.14,506389.17,351570.97
Europe,Netherlands,Cosmetics,Offline,L,11/10/2010,919578254,12/25/2010,2495,437.2,263.33,1090814,657008.35,433805.65
Australia and Oceania,Federated States of Micronesia,Baby Food,Online,C,7/13/2015,107792031,7/26/2015,6912,255.28,159.42,1764495.36,1101911.04,662584.32
North America,Greenland,Beverages,Online,H,7/24/2011,814714610,8/31/2011,1013,47.45,31.79,48066.85,32203.27,15863.58
Asia,Kazakhstan,Cosmetics,Offline,L,10/21/2015,182582318,11/12/2015,9020,437.2,263.33,3943544,2375236.6,1568307.4
Sub-Saharan Africa,Comoros,Beverages,Online,M,2/6/2012,823943984,2/9/2012,2190,47.45,31.79,103915.5,69620.1,34295.4
Central America and the Caribbean,Saint Vincent and the Grenadines,Beverages,Online,M,8/21/2015,471660935,9/25/2015,3807,47.45,31.79,180642.15,121024.53,59617.62
Europe,Kosovo,Fruits,Offline,M,3/4/2016,528907001,3/13/2016,4190,9.33,6.92,39092.7,28994.8,10097.9
Europe,Czech Republic,Clothes,Online,C,2/6/2012,219168508,3/7/2012,5687,109.28,35.84,621475.36,203822.08,417653.28
Middle East and North Africa,Turkey,Cosmetics,Online,C,3/24/2014,636244285,5/2/2014,7677,437.2,263.33,3356384.4,2021584.41,1334799.99
Sub-Saharan Africa,Sierra Leone,Cosmetics,Offline,L,9/22/2011,694245660,11/5/2011,1573,437.2,263.33,687715.6,414218.09,273497.51
Middle East and North Africa,Saudi Arabia,Vegetables,Online,M,9/30/2013,277596461,11/6/2013,5817,154.06,90.93,896167.02,528939.81,367227.21
Europe,Czech Republic,Cosmetics,Online,L,5/17/2015,691033017,6/14/2015,881,437.2,263.33,385173.2,231993.73,153179.47
Europe,Spain,Vegetables,Offline,C,7/15/2016,609604156,7/26/2016,4271,154.06,90.93,657990.26,388362.03,269628.23
Asia,Bangladesh,Snacks,Online,H,8/27/2010,128671205,10/12/2010,5524,152.58,97.44,842851.92,538258.56,304593.36
Europe,Russia,Vegetables,Online,L,2/23/2011,313907992,3/25/2011,1206,154.06,90.93,185796.36,109661.58,76134.78
Europe,Netherlands,Clothes,Offline,L,5/8/2017,951300847,5/31/2017,9916,109.28,35.84,1083620.48,355389.44,728231.04
Sub-Saharan Africa,Niger,Meat,Offline,L,9/28/2010,997148597,10/24/2010,7283,421.89,364.69,3072624.87,2656037.27,416587.6
Europe,Poland,Vegetables,Offline,M,9/18/2011,828062570,11/7/2011,971,154.06,90.93,149592.26,88293.03,61299.23
Europe,Switzerland,Meat,Offline,C,3/26/2015,890966594,5/10/2015,5669,421.89,364.69,2391694.41,2067427.61,324266.8
Asia,Nepal,Household,Online,M,4/26/2017,353096997,5/21/2017,8103,668.27,502.54,5414991.81,4072081.62,1342910.19
Sub-Saharan Africa,Burkina Faso,Beverages,Offline,C,4/12/2011,252002608,5/25/2011,2027,47.45,31.79,96181.15,64438.33,31742.82
Central America and the Caribbean,Saint Lucia,Clothes,Online,C,3/13/2014,345544755,3/26/2014,3227,109.28,35.84,352646.56,115655.68,236990.88
Sub-Saharan Africa,The Gambia,Baby Food,Online,M,2/24/2010,461897265,4/5/2010,4520,255.28,159.42,1153865.6,720578.4,433287.2
Sub-Saharan Africa,Botswana,Cereal,Offline,M,7/26/2014,949546468,9/4/2014,756,205.7,117.11,155509.2,88535.16,66974.04
Europe,Moldova ,Clothes,Online,C,6/9/2017,427291190,6/27/2017,3813,109.28,35.84,416684.64,136657.92,280026.72
Australia and Oceania,Papua New Guinea,Fruits,Offline,M,5/23/2017,734242761,7/6/2017,7604,9.33,6.92,70945.32,52619.68,18325.64
Central America and the Caribbean,Honduras,Cereal,Online,H,5/2/2010,179825007,5/25/2010,3071,205.7,117.11,631704.7,359644.81,272059.89
Central America and the Caribbean,Dominican Republic,Vegetables,Offline,H,12/16/2015,293774259,1/11/2016,3186,154.06,90.93,490835.16,289702.98,201132.18
Europe,Spain,Office Supplies,Online,M,5/12/2013,876139342,5/22/2013,7956,651.21,524.96,5181026.76,4176581.76,1004445
Sub-Saharan Africa,Nigeria,Fruits,Offline,C,1/5/2013,447281587,2/24/2013,9416,9.33,6.92,87851.28,65158.72,22692.56
Europe,Spain,Baby Food,Offline,H,1/28/2015,297874820,1/29/2015,6633,255.28,159.42,1693272.24,1057432.86,635839.38
Middle East and North Africa,United Arab Emirates,Personal Care,Offline,L,3/17/2013,438905370,4/27/2013,707,81.73,56.67,57783.11,40065.69,17717.42
Europe,Belarus,Beverages,Online,H,6/28/2013,951672065,7/26/2013,9767,47.45,31.79,463444.15,310492.93,152951.22
Central America and the Caribbean,Trinidad and Tobago,Clothes,Offline,M,7/3/2015,637786233,8/10/2015,3974,109.28,35.84,434278.72,142428.16,291850.56
Sub-Saharan Africa,Mali,Beverages,Offline,H,2/4/2016,169171702,3/9/2016,521,47.45,31.79,24721.45,16562.59,8158.86
Asia,Mongolia,Baby Food,Online,M,3/7/2013,738064801,4/19/2013,8631,255.28,159.42,2203321.68,1375954.02,827367.66
Middle East and North Africa,Morocco,Personal Care,Offline,C,2/10/2017,907014358,3/9/2017,4559,81.73,56.67,372607.07,258358.53,114248.54
Sub-Saharan Africa,Niger,Cereal,Online,M,7/28/2016,658881700,8/14/2016,6592,205.7,117.11,1355974.4,771989.12,583985.28
Australia and Oceania,Federated States of Micronesia,Cereal,Offline,L,9/3/2012,946840655,10/1/2012,46,205.7,117.11,9462.2,5387.06,4075.14
Europe,Portugal,Snacks,Offline,H,3/3/2015,544377553,4/11/2015,2270,152.58,97.44,346356.6,221188.8,125167.8
Sub-Saharan Africa,Botswana,Personal Care,Offline,H,12/11/2015,995291221,12/28/2015,7645,81.73,56.67,624825.85,433242.15,191583.7
Sub-Saharan Africa,Guinea,Meat,Offline,M,7/7/2015,763692986,8/22/2015,2581,421.89,364.69,1088898.09,941264.89,147633.2
Europe,Cyprus,Clothes,Online,M,9/7/2011,184006679,10/18/2011,520,109.28,35.84,56825.6,18636.8,38188.8
Sub-Saharan Africa,Malawi,Vegetables,Offline,M,11/21/2010,110968625,12/29/2010,6937,154.06,90.93,1068714.22,630781.41,437932.81
Asia,Malaysia,Cosmetics,Offline,L,11/5/2016,569627654,11/10/2016,4336,437.2,263.33,1895699.2,1141798.88,753900.32
Sub-Saharan Africa,South Africa,Cosmetics,Offline,M,8/14/2011,305345094,9/13/2011,7254,437.2,263.33,3171448.8,1910195.82,1261252.98
Europe,Finland,Cereal,Offline,M,5/29/2012,833794772,6/29/2012,7257,205.7,117.11,1492764.9,849867.27,642897.63
Europe,United Kingdom,Household,Online,M,10/9/2014,590963017,11/25/2014,7944,668.27,502.54,5308736.88,3992177.76,1316559.12
Sub-Saharan Africa,Mauritius ,Personal Care,Online,L,7/16/2011,783148658,9/4/2011,9946,81.73,56.67,812886.58,563639.82,249246.76
North America,United States of America,Fruits,Offline,C,9/30/2011,436963021,10/28/2011,5923,9.33,6.92,55261.59,40987.16,14274.43
Europe,Macedonia,Vegetables,Offline,C,2/22/2014,449329936,2/28/2014,5568,154.06,90.93,857806.08,506298.24,351507.84
Asia,Brunei,Cereal,Online,M,12/20/2010,437485730,1/13/2011,604,205.7,117.11,124242.8,70734.44,53508.36
Europe,Cyprus,Baby Food,Online,C,6/16/2014,988979232,6/24/2014,9787,255.28,159.42,2498425.36,1560243.54,938181.82
Middle East and North Africa,Libya,Cereal,Online,L,3/11/2015,511671769,4/29/2015,3902,205.7,117.11,802641.4,456963.22,345678.18
Australia and Oceania,Federated States of Micronesia,Clothes,Online,C,3/5/2016,183737170,3/29/2016,767,109.28,35.84,83817.76,27489.28,56328.48
Sub-Saharan Africa,Cameroon,Snacks,Offline,C,11/28/2013,803661763,12/25/2013,230,152.58,97.44,35093.4,22411.2,12682.2
Australia and Oceania,Solomon Islands,Personal Care,Online,L,4/26/2017,540244376,6/3/2017,9171,81.73,56.67,749545.83,519720.57,229825.26
Middle East and North Africa,Turkey,Snacks,Online,L,8/31/2013,782596337,10/19/2013,6502,152.58,97.44,992075.16,633554.88,358520.28
Europe,Finland,Office Supplies,Offline,H,3/22/2010,290141475,5/4/2010,8165,651.21,524.96,5317129.65,4286298.4,1030831.25
Australia and Oceania,New Zealand,Cereal,Offline,H,4/26/2015,142616117,5/10/2015,2133,205.7,117.11,438758.1,249795.63,188962.47
Middle East and North Africa,Libya,Household,Offline,L,11/3/2011,590069091,12/20/2011,3411,668.27,502.54,2279468.97,1714163.94,565305.03
Asia,Nepal,Household,Offline,C,1/14/2014,602861726,2/20/2014,9036,668.27,502.54,6038487.72,4540951.44,1497536.28
Asia,Bhutan,Household,Online,C,9/20/2010,121667850,10/9/2010,3075,668.27,502.54,2054930.25,1545310.5,509619.75
Middle East and North Africa,Oman,Cereal,Offline,M,6/23/2014,507473790,8/5/2014,1627,205.7,117.11,334673.9,190537.97,144135.93
Europe,Lithuania,Office Supplies,Online,M,6/15/2012,491578376,7/28/2012,7820,651.21,524.96,5092462.2,4105187.2,987275
Asia,Turkmenistan,Snacks,Offline,L,8/5/2015,225592935,8/25/2015,6817,152.58,97.44,1040137.86,664248.48,375889.38
Europe,Finland,Clothes,Offline,H,12/15/2016,831441295,12/27/2016,810,109.28,35.84,88516.8,29030.4,59486.4
Sub-Saharan Africa,Sudan,Cereal,Online,L,9/5/2010,351359784,9/25/2010,4023,205.7,117.11,827531.1,471133.53,356397.57
Australia and Oceania,Tonga,Cereal,Offline,M,11/19/2010,497897231,12/23/2010,7710,205.7,117.11,1585947,902918.1,683028.9
Sub-Saharan Africa,Guinea-Bissau,Personal Care,Offline,L,1/19/2010,803914964,1/25/2010,5157,81.73,56.67,421481.61,292247.19,129234.42
Sub-Saharan Africa,Ghana,Clothes,Online,C,1/29/2013,872586810,2/27/2013,6683,109.28,35.84,730318.24,239518.72,490799.52
Europe,Germany,Cosmetics,Offline,L,10/15/2010,827399098,10/19/2010,4635,437.2,263.33,2026422,1220534.55,805887.45
Europe,Georgia,Snacks,Online,H,12/27/2013,862150657,1/24/2014,8393,152.58,97.44,1280603.94,817813.92,462790.02
Europe,Monaco,Cosmetics,Online,H,11/6/2011,790952813,11/10/2011,9369,437.2,263.33,4096126.8,2467138.77,1628988.03
Sub-Saharan Africa,Burkina Faso,Baby Food,Online,H,7/10/2013,498229396,8/6/2013,6005,255.28,159.42,1532956.4,957317.1,575639.3
Asia,North Korea,Clothes,Offline,L,2/3/2014,388716733,2/7/2014,8774,109.28,35.84,958822.72,314460.16,644362.56
Sub-Saharan Africa,Zambia,Beverages,Online,M,6/27/2013,937463653,7/30/2013,5182,47.45,31.79,245885.9,164735.78,81150.12
Europe,Switzerland,Clothes,Offline,H,9/12/2012,439831483,10/2/2012,4765,109.28,35.84,520719.2,170777.6,349941.6
Europe,Serbia,Household,Online,H,1/2/2010,861494052,1/17/2010,4089,668.27,502.54,2732556.03,2054886.06,677669.97
Europe,Germany,Snacks,Offline,L,4/24/2012,188437688,5/21/2012,1754,152.58,97.44,267625.32,170909.76,96715.56
Asia,Laos,Meat,Offline,H,3/29/2016,976961219,4/4/2016,3390,421.89,364.69,1430207.1,1236299.1,193908
Europe,Lithuania,Meat,Online,L,11/24/2011,903675973,12/7/2011,6657,421.89,364.69,2808521.73,2427741.33,380780.4
Central America and the Caribbean,Dominica,Baby Food,Online,L,12/16/2016,415505778,12/16/2016,6248,255.28,159.42,1594989.44,996056.16,598933.28
Sub-Saharan Africa,Central African Republic,Snacks,Offline,L,4/23/2012,479686963,5/23/2012,8887,152.58,97.44,1355978.46,865949.28,490029.18
Middle East and North Africa,Pakistan,Snacks,Offline,L,12/19/2013,333768355,12/24/2013,8328,152.58,97.44,1270686.24,811480.32,459205.92
North America,Greenland,Clothes,Online,L,4/20/2016,635611283,5/31/2016,358,109.28,35.84,39122.24,12830.72,26291.52
Europe,Liechtenstein,Fruits,Online,C,12/17/2010,313389575,1/27/2011,7794,9.33,6.92,72718.02,53934.48,18783.54
Europe,Russia,Snacks,Offline,L,5/16/2013,615589559,6/7/2013,5485,152.58,97.44,836901.3,534458.4,302442.9
Sub-Saharan Africa,Liberia,Fruits,Offline,C,7/12/2013,161010062,8/20/2013,5310,9.33,6.92,49542.3,36745.2,12797.1
Europe,Bosnia and Herzegovina,Personal Care,Offline,H,1/22/2010,788762414,2/2/2010,1181,81.73,56.67,96523.13,66927.27,29595.86
Europe,Czech Republic,Personal Care,Offline,C,1/5/2014,808270442,2/19/2014,4040,81.73,56.67,330189.2,228946.8,101242.4
Asia,Mongolia,Cosmetics,Online,L,10/17/2014,849270474,10/26/2014,6861,437.2,263.33,2999629.2,1806707.13,1192922.07
Middle East and North Africa,Iraq,Clothes,Online,C,3/21/2014,711811339,4/4/2014,9648,109.28,35.84,1054333.44,345784.32,708549.12
Asia,Taiwan,Office Supplies,Online,H,3/7/2015,716254365,4/7/2015,4438,651.21,524.96,2890069.98,2329772.48,560297.5
Sub-Saharan Africa,Guinea-Bissau,Cosmetics,Online,M,4/8/2010,353273379,4/27/2010,298,437.2,263.33,130285.6,78472.34,51813.26
Australia and Oceania,Marshall Islands,Beverages,Online,C,11/11/2015,533854711,11/12/2015,8327,47.45,31.79,395116.15,264715.33,130400.82
Sub-Saharan Africa,Liberia,Clothes,Offline,M,4/28/2015,439297187,6/7/2015,6655,109.28,35.84,727258.4,238515.2,488743.2
Europe,Iceland,Fruits,Online,C,10/21/2015,671212136,10/30/2015,5442,9.33,6.92,50773.86,37658.64,13115.22
Middle East and North Africa,Afghanistan,Vegetables,Offline,L,2/25/2014,101523387,3/19/2014,1881,154.06,90.93,289786.86,171039.33,118747.53
Europe,Poland,Office Supplies,Online,H,11/12/2015,822467267,11/16/2015,5196,651.21,524.96,3383687.16,2727692.16,655995
Asia,India,Vegetables,Online,L,2/18/2016,496592605,3/11/2016,1642,154.06,90.93,252966.52,149307.06,103659.46
Europe,Slovakia,Office Supplies,Online,M,3/23/2011,906760728,3/25/2011,9504,651.21,524.96,6189099.84,4989219.84,1199880
Sub-Saharan Africa,Sao Tome and Principe,Cosmetics,Offline,C,5/22/2017,306145465,6/2/2017,4101,437.2,263.33,1792957.2,1079916.33,713040.87
Asia,China,Snacks,Offline,L,2/4/2014,168233144,3/4/2014,2781,152.58,97.44,424324.98,270980.64,153344.34
Europe,Belgium,Snacks,Offline,C,12/10/2015,236822593,12/30/2015,9923,152.58,97.44,1514051.34,966897.12,547154.22
Sub-Saharan Africa,Sierra Leone,Cosmetics,Offline,M,11/15/2015,776025140,12/5/2015,1939,437.2,263.33,847730.8,510596.87,337133.93
Europe,Belarus,Cereal,Offline,C,9/11/2011,320264613,10/26/2011,2271,205.7,117.11,467144.7,265956.81,201187.89
Asia,Kyrgyzstan,Office Supplies,Offline,H,6/1/2017,624277341,6/30/2017,6393,651.21,524.96,4163185.53,3356069.28,807116.25
Asia,Cambodia,Vegetables,Online,C,1/12/2014,813112151,2/23/2014,6810,154.06,90.93,1049148.6,619233.3,429915.3
Sub-Saharan Africa,Zambia,Personal Care,Online,H,11/25/2013,532130372,12/13/2013,8057,81.73,56.67,658498.61,456590.19,201908.42
Sub-Saharan Africa,Sudan,Cereal,Offline,L,7/4/2011,397005832,8/4/2011,1703,205.7,117.11,350307.1,199438.33,150868.77
Australia and Oceania,Papua New Guinea,Vegetables,Online,H,7/17/2017,643724858,7/31/2017,1345,154.06,90.93,207210.7,122300.85,84909.85
Central America and the Caribbean,Cuba,Cosmetics,Online,L,4/10/2017,678586280,5/24/2017,7615,437.2,263.33,3329278,2005257.95,1324020.05
Asia,India,Cereal,Offline,L,3/1/2012,428201425,3/7/2012,3172,205.7,117.11,652480.4,371472.92,281007.48
Asia,China,Meat,Online,M,2/9/2016,789494121,3/6/2016,7709,421.89,364.69,3252350.01,2811395.21,440954.8
Middle East and North Africa,Algeria,Snacks,Offline,H,10/8/2013,479700696,11/21/2013,2951,152.58,97.44,450263.58,287545.44,162718.14
Europe,Latvia,Personal Care,Online,M,5/20/2017,986369979,6/24/2017,7651,81.73,56.67,625316.23,433582.17,191734.06
Central America and the Caribbean,Nicaragua,Household,Online,C,7/13/2017,717363297,8/23/2017,2596,668.27,502.54,1734828.92,1304593.84,430235.08
Asia,Tajikistan,Personal Care,Offline,C,3/22/2017,850854480,5/1/2017,5603,81.73,56.67,457933.19,317522.01,140411.18
Asia,Cambodia,Cosmetics,Offline,L,12/14/2012,385329854,1/6/2013,6522,437.2,263.33,2851418.4,1717438.26,1133980.14
Sub-Saharan Africa,South Africa,Household,Online,H,8/24/2013,189588248,9/15/2013,2231,668.27,502.54,1490910.37,1121166.74,369743.63
Asia,Tajikistan,Clothes,Online,C,2/22/2014,752740991,3/24/2014,1642,109.28,35.84,179437.76,58849.28,120588.48
Central America and the Caribbean,Cuba,Meat,Online,M,2/20/2014,834211909,3/20/2014,697,421.89,364.69,294057.33,254188.93,39868.4
Australia and Oceania,Solomon Islands,Meat,Online,M,5/22/2014,613737332,6/3/2014,7370,421.89,364.69,3109329.3,2687765.3,421564
Europe,Macedonia,Household,Offline,L,12/5/2012,341366088,12/19/2012,6666,668.27,502.54,4454687.82,3349931.64,1104756.18
Sub-Saharan Africa,Togo,Office Supplies,Online,C,6/9/2016,787459504,7/11/2016,5621,651.21,524.96,3660451.41,2950800.16,709651.25
Sub-Saharan Africa,Mauritania,Office Supplies,Offline,C,9/19/2013,992691409,9/19/2013,8303,651.21,524.96,5406996.63,4358742.88,1048253.75
Europe,Monaco,Cereal,Offline,M,5/13/2017,518048131,5/30/2017,809,205.7,117.11,166411.3,94741.99,71669.31
Europe,Monaco,Snacks,Offline,M,7/10/2014,794828498,7/29/2014,6270,152.58,97.44,956676.6,610948.8,345727.8
Europe,Ireland,Beverages,Online,L,2/17/2016,174643838,2/21/2016,9847,47.45,31.79,467240.15,313036.13,154204.02
Middle East and North Africa,Oman,Household,Offline,H,4/3/2015,679417979,4/17/2015,3733,668.27,502.54,2494651.91,1875981.82,618670.09
Sub-Saharan Africa,Liberia,Cereal,Online,C,8/6/2013,351387250,9/22/2013,2151,205.7,117.11,442460.7,251903.61,190557.09
Europe,Denmark,Office Supplies,Online,C,2/21/2010,903100478,4/5/2010,6355,651.21,524.96,4138439.55,3336120.8,802318.75
Australia and Oceania,Palau,Meat,Online,M,7/6/2012,967418992,7/11/2012,9633,421.89,364.69,4064066.37,3513058.77,551007.6
Middle East and North Africa,Libya,Office Supplies,Online,L,6/17/2010,147516620,7/13/2010,2301,651.21,524.96,1498434.21,1207932.96,290501.25
Europe,Poland,Snacks,Offline,C,7/9/2017,366879689,7/17/2017,6708,152.58,97.44,1023506.64,653627.52,369879.12
Europe,Ukraine,Household,Offline,L,3/23/2014,919307029,5/7/2014,2234,668.27,502.54,1492915.18,1122674.36,370240.82
Asia,Kyrgyzstan,Office Supplies,Offline,C,6/11/2012,718909966,7/24/2012,290,651.21,524.96,188850.9,152238.4,36612.5
Middle East and North Africa,Iraq,Snacks,Offline,M,10/9/2013,550112330,11/23/2013,9318,152.58,97.44,1421740.44,907945.92,513794.52
Sub-Saharan Africa,Niger,Office Supplies,Offline,H,4/14/2013,817650449,4/23/2013,9793,651.21,524.96,6377299.53,5140933.28,1236366.25
Europe,Italy,Household,Offline,H,11/29/2010,196573150,1/1/2011,9218,668.27,502.54,6160112.86,4632413.72,1527699.14
Asia,Maldives,Clothes,Offline,M,3/21/2015,582241761,4/13/2015,7131,109.28,35.84,779275.68,255575.04,523700.64
Central America and the Caribbean,Antigua and Barbuda ,Fruits,Offline,C,11/28/2016,340330111,12/26/2016,98,9.33,6.92,914.34,678.16,236.18
Europe,Estonia,Cosmetics,Offline,C,4/27/2015,156824529,5/6/2015,6718,437.2,263.33,2937109.6,1769050.94,1168058.66
Europe,Germany,Clothes,Online,H,8/22/2014,788023841,9/5/2014,2621,109.28,35.84,286422.88,93936.64,192486.24
Europe,Macedonia,Beverages,Online,C,7/20/2012,810539376,7/25/2012,5468,47.45,31.79,259456.6,173827.72,85628.88
Sub-Saharan Africa,Cote d'Ivoire,Snacks,Offline,L,8/3/2011,671294963,9/6/2011,9952,152.58,97.44,1518476.16,969722.88,548753.28
Europe,Hungary,Cosmetics,Offline,H,5/7/2015,437526929,5/21/2015,2796,437.2,263.33,1222411.2,736270.68,486140.52
Sub-Saharan Africa,Niger,Baby Food,Online,H,2/16/2017,246784102,4/4/2017,7755,255.28,159.42,1979696.4,1236302.1,743394.3
Europe,Slovakia,Beverages,Online,L,4/23/2011,756927812,6/10/2011,615,47.45,31.79,29181.75,19550.85,9630.9
Asia,Singapore,Household,Offline,L,3/30/2012,896131885,4/19/2012,4194,668.27,502.54,2802724.38,2107652.76,695071.62
Europe,Denmark,Snacks,Offline,H,8/26/2012,112882649,9/27/2012,3339,152.58,97.44,509464.62,325352.16,184112.46
Middle East and North Africa,Oman,Snacks,Online,H,2/4/2010,625978934,3/14/2010,9932,152.58,97.44,1515424.56,967774.08,547650.48
Sub-Saharan Africa,Central African Republic,Cosmetics,Online,H,10/10/2010,674532067,10/16/2010,7883,437.2,263.33,3446447.6,2075830.39,1370617.21
Asia,Philippines,Cosmetics,Offline,L,8/6/2010,367965877,9/20/2010,8135,437.2,263.33,3556622,2142189.55,1414432.45
Central America and the Caribbean,Panama,Cosmetics,Online,M,2/7/2014,336016690,3/1/2014,3661,437.2,263.33,1600589.2,964051.13,636538.07
Australia and Oceania,Australia,Vegetables,Online,M,7/19/2015,378733336,9/4/2015,4465,154.06,90.93,687877.9,406002.45,281875.45
Europe,Norway,Clothes,Online,C,3/30/2010,816477143,5/10/2010,2585,109.28,35.84,282488.8,92646.4,189842.4
Asia,Sri Lanka,Meat,Online,H,7/3/2013,239921939,7/17/2013,7088,421.89,364.69,2990356.32,2584922.72,405433.6
Sub-Saharan Africa,Cameroon,Meat,Offline,M,5/31/2011,460054051,7/10/2011,9072,421.89,364.69,3827386.08,3308467.68,518918.4
Europe,France,Clothes,Offline,H,1/20/2010,658172309,2/19/2010,6667,109.28,35.84,728569.76,238945.28,489624.48
Middle East and North Africa,Algeria,Beverages,Online,L,7/29/2016,535888040,8/6/2016,34,47.45,31.79,1613.3,1080.86,532.44
Central America and the Caribbean,Antigua and Barbuda ,Snacks,Offline,L,9/7/2012,765125072,10/15/2012,6366,152.58,97.44,971324.28,620303.04,351021.24
Sub-Saharan Africa,Swaziland,Cereal,Online,H,6/12/2011,738119733,7/28/2011,4886,205.7,117.11,1005050.2,572199.46,432850.74
Sub-Saharan Africa,Togo,Vegetables,Online,C,8/18/2015,817420852,10/3/2015,1850,154.06,90.93,285011,168220.5,116790.5
Middle East and North Africa,Libya,Beverages,Offline,L,12/2/2013,985889756,12/18/2013,5542,47.45,31.79,262967.9,176180.18,86787.72
Sub-Saharan Africa,Mozambique,Office Supplies,Offline,M,1/3/2015,396700274,1/26/2015,1282,651.21,524.96,834851.22,672998.72,161852.5
Central America and the Caribbean,Saint Vincent and the Grenadines,Cereal,Offline,M,6/29/2013,523338735,8/14/2013,6416,205.7,117.11,1319771.2,751377.76,568393.44
Australia and Oceania,Tuvalu,Fruits,Offline,C,5/30/2016,209603965,5/31/2016,5326,9.33,6.92,49691.58,36855.92,12835.66
Asia,China,Baby Food,Online,L,9/15/2016,619607293,10/7/2016,4422,255.28,159.42,1128848.16,704955.24,423892.92
Europe,Denmark,Meat,Online,L,3/7/2012,287772548,4/3/2012,7147,421.89,364.69,3015247.83,2606439.43,408808.4
Europe,Ireland,Clothes,Offline,M,11/4/2016,968836057,12/22/2016,8974,109.28,35.84,980678.72,321628.16,659050.56
Asia,China,Clothes,Offline,M,9/11/2011,887846648,9/16/2011,2408,109.28,35.84,263146.24,86302.72,176843.52
Asia,Brunei,Fruits,Online,H,8/27/2016,590165650,10/1/2016,1986,9.33,6.92,18529.38,13743.12,4786.26
Europe,Slovakia,Fruits,Online,H,1/27/2011,691466891,2/4/2011,9274,9.33,6.92,86526.42,64176.08,22350.34
Europe,San Marino,Fruits,Offline,H,3/19/2013,527736699,3/29/2013,7872,9.33,6.92,73445.76,54474.24,18971.52
Europe,Liechtenstein,Baby Food,Offline,H,11/29/2015,405273902,12/15/2015,8409,255.28,159.42,2146649.52,1340562.78,806086.74
Central America and the Caribbean,Costa Rica,Baby Food,Offline,L,1/21/2013,250689828,2/2/2013,3546,255.28,159.42,905222.88,565303.32,339919.56
Sub-Saharan Africa,Cape Verde,Snacks,Online,C,12/22/2010,960908305,1/15/2011,2976,152.58,97.44,454078.08,289981.44,164096.64
Europe,Georgia,Snacks,Offline,L,1/15/2017,353165662,2/26/2017,8422,152.58,97.44,1285028.76,820639.68,464389.08
North America,Greenland,Vegetables,Online,M,3/17/2013,815010726,4/26/2013,8640,154.06,90.93,1331078.4,785635.2,545443.2
Asia,Taiwan,Meat,Offline,L,10/9/2012,754304826,10/20/2012,4415,421.89,364.69,1862644.35,1610106.35,252538
Europe,Georgia,Household,Offline,H,3/4/2011,449221789,4/6/2011,3565,668.27,502.54,2382382.55,1791555.1,590827.45
Europe,Luxembourg,Household,Online,C,6/20/2012,698247945,8/7/2012,5938,668.27,502.54,3968187.26,2984082.52,984104.74
Sub-Saharan Africa,Namibia,Snacks,Offline,H,6/13/2010,570182120,7/19/2010,8415,152.58,97.44,1283960.7,819957.6,464003.1
Asia,Kazakhstan,Snacks,Offline,L,2/4/2015,554135644,3/16/2015,9906,152.58,97.44,1511457.48,965240.64,546216.84
Sub-Saharan Africa,Sudan,Clothes,Offline,C,12/15/2010,309532344,1/27/2011,6354,109.28,35.84,694365.12,227727.36,466637.76
Asia,Kyrgyzstan,Cereal,Offline,C,12/7/2013,916108548,1/14/2014,5732,205.7,117.11,1179072.4,671274.52,507797.88
Sub-Saharan Africa,Cameroon,Snacks,Online,H,6/30/2014,823913085,7/10/2014,3046,152.58,97.44,464758.68,296802.24,167956.44
Sub-Saharan Africa,Ghana,Vegetables,Online,H,9/27/2011,803307282,10/3/2011,5331,154.06,90.93,821293.86,484747.83,336546.03
Sub-Saharan Africa,Burkina Faso,Office Supplies,Offline,H,3/11/2017,794964969,3/21/2017,6655,651.21,524.96,4333802.55,3493608.8,840193.75
Sub-Saharan Africa,Comoros,Fruits,Online,L,2/25/2013,359872472,3/17/2013,3116,9.33,6.92,29072.28,21562.72,7509.56
Europe,Vatican City,Meat,Online,L,1/23/2017,929328620,2/15/2017,7845,421.89,364.69,3309727.05,2860993.05,448734
Sub-Saharan Africa,Cameroon,Cosmetics,Offline,C,2/20/2017,854944741,3/10/2017,6003,437.2,263.33,2624511.6,1580769.99,1043741.61
Middle East and North Africa,Algeria,Snacks,Offline,L,1/9/2014,358644664,2/22/2014,9781,152.58,97.44,1492384.98,953060.64,539324.34
Sub-Saharan Africa,The Gambia,Vegetables,Online,L,12/27/2016,182664716,12/28/2016,3403,154.06,90.93,524266.18,309434.79,214831.39
Sub-Saharan Africa,Equatorial Guinea,Baby Food,Offline,L,6/12/2017,239553725,7/12/2017,8126,255.28,159.42,2074405.28,1295446.92,778958.36
Middle East and North Africa,Morocco,Personal Care,Offline,H,6/12/2015,962173020,7/15/2015,7233,81.73,56.67,591153.09,409894.11,181258.98
Sub-Saharan Africa,Chad,Fruits,Offline,C,11/20/2015,153696429,11/21/2015,1044,9.33,6.92,9740.52,7224.48,2516.04
Central America and the Caribbean,Haiti,Household,Online,H,2/26/2017,637610280,4/7/2017,1906,668.27,502.54,1273722.62,957841.24,315881.38
Sub-Saharan Africa,Equatorial Guinea,Household,Offline,M,12/6/2014,807713401,1/15/2015,9199,668.27,502.54,6147415.73,4622865.46,1524550.27
Sub-Saharan Africa,Gabon,Snacks,Online,C,7/7/2013,478117120,7/16/2013,4335,152.58,97.44,661434.3,422402.4,239031.9
Sub-Saharan Africa,Ethiopia,Beverages,Online,L,6/30/2014,433245265,8/10/2014,5756,47.45,31.79,273122.2,182983.24,90138.96
Sub-Saharan Africa,Cameroon,Vegetables,Offline,C,12/12/2012,177834165,1/24/2013,3936,154.06,90.93,606380.16,357900.48,248479.68
Australia and Oceania,East Timor,Personal Care,Offline,M,5/19/2016,186932647,5/30/2016,6379,81.73,56.67,521355.67,361497.93,159857.74
Sub-Saharan Africa,Comoros,Baby Food,Offline,H,8/21/2010,555902040,8/25/2010,2622,255.28,159.42,669344.16,417999.24,251344.92
Sub-Saharan Africa,Cameroon,Baby Food,Online,H,9/18/2016,550416171,10/8/2016,9231,255.28,159.42,2356489.68,1471606.02,884883.66
Europe,Ireland,Personal Care,Online,L,3/25/2011,856461369,4/13/2011,4807,81.73,56.67,392876.11,272412.69,120463.42
Sub-Saharan Africa,Comoros,Cereal,Offline,H,7/7/2013,430336463,7/7/2013,4977,205.7,117.11,1023768.9,582856.47,440912.43
Europe,Slovenia,Meat,Online,L,9/6/2013,548652780,10/2/2013,7405,421.89,364.69,3124095.45,2700529.45,423566
Australia and Oceania,East Timor,Clothes,Online,C,4/6/2014,758334147,5/23/2014,6781,109.28,35.84,741027.68,243031.04,497996.64
Asia,Philippines,Clothes,Online,H,4/14/2011,226616895,5/10/2011,9830,109.28,35.84,1074222.4,352307.2,721915.2
Europe,Sweden,Office Supplies,Online,L,3/11/2013,891049849,3/26/2013,306,651.21,524.96,199270.26,160637.76,38632.5
Europe,Sweden,Vegetables,Online,C,5/11/2014,709494340,6/12/2014,3997,154.06,90.93,615777.82,363447.21,252330.61
Sub-Saharan Africa,South Africa,Vegetables,Offline,L,1/1/2014,410124194,1/29/2014,3718,154.06,90.93,572795.08,338077.74,234717.34
Middle East and North Africa,Turkey,Beverages,Online,C,5/28/2012,341425740,6/18/2012,4319,47.45,31.79,204936.55,137301.01,67635.54
Sub-Saharan Africa,Chad,Household,Offline,L,9/16/2014,922197806,10/1/2014,7679,668.27,502.54,5131645.33,3859004.66,1272640.67
Middle East and North Africa,Algeria,Snacks,Offline,L,12/18/2011,391551721,1/17/2012,7710,152.58,97.44,1176391.8,751262.4,425129.4
Australia and Oceania,Fiji,Cereal,Online,C,3/23/2015,658911311,4/14/2015,5354,205.7,117.11,1101317.8,627006.94,474310.86
Middle East and North Africa,Tunisia ,Vegetables,Offline,L,11/19/2013,554012906,12/1/2013,3585,154.06,90.93,552305.1,325984.05,226321.05
Sub-Saharan Africa,Cote d'Ivoire,Cereal,Online,M,5/7/2017,776905333,5/13/2017,2408,205.7,117.11,495325.6,282000.88,213324.72
Sub-Saharan Africa,Sao Tome and Principe,Fruits,Offline,C,5/9/2013,747949922,6/7/2013,3858,9.33,6.92,35995.14,26697.36,9297.78
Europe,Switzerland,Cereal,Online,C,3/19/2017,857820498,4/26/2017,7003,205.7,117.11,1440517.1,820121.33,620395.77
Europe,Slovenia,Fruits,Online,M,1/5/2015,217503392,1/12/2015,2942,9.33,6.92,27448.86,20358.64,7090.22
Australia and Oceania,Papua New Guinea,Baby Food,Online,H,10/31/2012,708297431,12/18/2012,9805,255.28,159.42,2503020.4,1563113.1,939907.3
Australia and Oceania,Tuvalu,Clothes,Offline,L,4/2/2010,231813943,5/7/2010,7752,109.28,35.84,847138.56,277831.68,569306.88
Asia,Cambodia,Personal Care,Offline,L,9/10/2011,359976756,10/12/2011,3976,81.73,56.67,324958.48,225319.92,99638.56
Europe,Kosovo,Beverages,Offline,M,1/28/2015,485022199,2/11/2015,7702,47.45,31.79,365459.9,244846.58,120613.32
Sub-Saharan Africa,Nigeria,Meat,Offline,M,8/6/2015,969499099,9/22/2015,5183,421.89,364.69,2186655.87,1890188.27,296467.6
Australia and Oceania,Tuvalu,Personal Care,Offline,H,2/2/2017,896268784,2/9/2017,4705,81.73,56.67,384539.65,266632.35,117907.3
Sub-Saharan Africa,Senegal,Beverages,Offline,H,2/4/2013,318505084,2/16/2013,1587,47.45,31.79,75303.15,50450.73,24852.42
Europe,Finland,Meat,Offline,M,5/13/2013,709694325,6/23/2013,3177,421.89,364.69,1340344.53,1158620.13,181724.4
Sub-Saharan Africa,Eritrea,Snacks,Offline,M,5/10/2017,913635337,5/21/2017,3854,152.58,97.44,588043.32,375533.76,212509.56
Middle East and North Africa,Tunisia ,Baby Food,Offline,M,6/10/2010,294439446,6/13/2010,30,255.28,159.42,7658.4,4782.6,2875.8
Europe,Moldova ,Cosmetics,Online,L,2/20/2013,986530482,3/29/2013,5147,437.2,263.33,2250268.4,1355359.51,894908.89
Sub-Saharan Africa,The Gambia,Fruits,Online,C,9/29/2016,244644773,11/13/2016,4680,9.33,6.92,43664.4,32385.6,11278.8
Asia,Nepal,Fruits,Online,M,5/26/2017,793831145,7/14/2017,1131,9.33,6.92,10552.23,7826.52,2725.71
Middle East and North Africa,Iran,Cereal,Offline,M,4/24/2012,479450929,5/24/2012,9039,205.7,117.11,1859322.3,1058557.29,800765.01
Middle East and North Africa,Algeria,Personal Care,Online,C,2/11/2011,817177951,2/25/2011,9970,81.73,56.67,814848.1,564999.9,249848.2
Asia,North Korea,Fruits,Online,M,12/6/2016,242998540,1/10/2017,7523,9.33,6.92,70189.59,52059.16,18130.43
Europe,Austria,Baby Food,Offline,H,1/8/2015,863211524,1/24/2015,2327,255.28,159.42,594036.56,370970.34,223066.22
Middle East and North Africa,Iraq,Cosmetics,Online,H,6/4/2014,804428231,7/21/2014,7045,437.2,263.33,3080074,1855159.85,1224914.15
Europe,Malta,Office Supplies,Offline,C,11/19/2013,963572490,11/19/2013,1367,651.21,524.96,890204.07,717620.32,172583.75
Central America and the Caribbean,Honduras,Beverages,Online,H,3/20/2013,957880628,4/6/2013,7019,47.45,31.79,333051.55,223134.01,109917.54
Sub-Saharan Africa,Equatorial Guinea,Fruits,Online,L,1/30/2017,474901473,2/22/2017,2754,9.33,6.92,25694.82,19057.68,6637.14
Sub-Saharan Africa,Angola,Meat,Offline,M,1/24/2016,622496354,2/2/2016,9359,421.89,364.69,3948468.51,3413133.71,535334.8
Central America and the Caribbean,Trinidad and Tobago,Snacks,Offline,C,3/1/2013,778839099,3/5/2013,4652,152.58,97.44,709802.16,453290.88,256511.28
Sub-Saharan Africa,Sierra Leone,Office Supplies,Offline,H,6/17/2012,842416036,6/17/2012,8480,651.21,524.96,5522260.8,4451660.8,1070600
Sub-Saharan Africa,Sao Tome and Principe,Fruits,Online,H,4/19/2015,782025992,5/16/2015,7724,9.33,6.92,72064.92,53450.08,18614.84
Asia,Indonesia,Cosmetics,Offline,L,7/9/2016,186780297,8/6/2016,1295,437.2,263.33,566174,341012.35,225161.65
Middle East and North Africa,Syria,Cosmetics,Online,C,10/27/2015,516102778,12/1/2015,5136,437.2,263.33,2245459.2,1352462.88,892996.32
Middle East and North Africa,Libya,Beverages,Online,L,12/15/2013,149729764,1/27/2014,7219,47.45,31.79,342541.55,229492.01,113049.54
Asia,China,Cosmetics,Online,L,7/14/2016,237710082,8/18/2016,2551,437.2,263.33,1115297.2,671754.83,443542.37
Sub-Saharan Africa,Cape Verde,Meat,Offline,C,2/1/2015,650405061,2/9/2015,8166,421.89,364.69,3445153.74,2978058.54,467095.2
Central America and the Caribbean,Guatemala,Meat,Online,L,7/26/2013,428488528,9/12/2013,8132,421.89,364.69,3430809.48,2965659.08,465150.4
Asia,Kazakhstan,Personal Care,Online,M,12/27/2016,932946813,12/28/2016,8549,81.73,56.67,698709.77,484471.83,214237.94
Sub-Saharan Africa,Burkina Faso,Fruits,Offline,H,7/4/2012,895078742,7/9/2012,2545,9.33,6.92,23744.85,17611.4,6133.45
Asia,Kyrgyzstan,Household,Online,L,1/19/2011,466495645,1/28/2011,5283,668.27,502.54,3530470.41,2654918.82,875551.59
Middle East and North Africa,Afghanistan,Cosmetics,Online,L,4/7/2013,769121348,4/8/2013,8953,437.2,263.33,3914251.6,2357593.49,1556658.11
Sub-Saharan Africa,Lesotho,Snacks,Offline,M,4/12/2013,745192182,5/16/2013,7781,152.58,97.44,1187224.98,758180.64,429044.34
Middle East and North Africa,Lebanon,Clothes,Online,L,1/29/2010,307256972,3/16/2010,3021,109.28,35.84,330134.88,108272.64,221862.24
Europe,Vatican City,Beverages,Offline,L,4/12/2011,788177049,5/21/2011,7959,47.45,31.79,377654.55,253016.61,124637.94
Middle East and North Africa,Yemen,Vegetables,Offline,M,3/18/2014,891126239,3/23/2014,2912,154.06,90.93,448622.72,264788.16,183834.56
Sub-Saharan Africa,Niger,Household,Online,C,4/7/2017,739590871,5/27/2017,229,668.27,502.54,153033.83,115081.66,37952.17
Asia,Cambodia,Snacks,Online,M,2/10/2016,527369773,2/23/2016,9290,152.58,97.44,1417468.2,905217.6,512250.6
Europe,Switzerland,Office Supplies,Offline,M,1/21/2015,968574273,1/25/2015,1506,651.21,524.96,980722.26,790589.76,190132.5
Europe,Ireland,Cosmetics,Offline,M,9/9/2015,147628200,9/24/2015,5320,437.2,263.33,2325904,1400915.6,924988.4
Central America and the Caribbean,El Salvador,Office Supplies,Offline,C,2/1/2013,269267880,2/5/2013,1204,651.21,524.96,784056.84,632051.84,152005
Europe,Vatican City,Clothes,Online,C,10/2/2014,908542144,10/19/2014,6665,109.28,35.84,728351.2,238873.6,489477.6
Europe,Lithuania,Meat,Offline,C,2/7/2014,360812318,2/20/2014,1238,421.89,364.69,522299.82,451486.22,70813.6
Sub-Saharan Africa,Sudan,Beverages,Online,M,12/28/2016,591752231,2/6/2017,1490,47.45,31.79,70700.5,47367.1,23333.4
Europe,Serbia,Fruits,Online,M,3/8/2015,487348210,3/15/2015,6020,9.33,6.92,56166.6,41658.4,14508.2
Asia,Turkmenistan,Clothes,Online,L,11/10/2012,803899085,11/24/2012,459,109.28,35.84,50159.52,16450.56,33708.96
Central America and the Caribbean,Nicaragua,Fruits,Online,L,4/14/2015,118016183,5/8/2015,2466,9.33,6.92,23007.78,17064.72,5943.06
Middle East and North Africa,Jordan,Snacks,Offline,L,5/30/2017,676623332,7/6/2017,6735,152.58,97.44,1027626.3,656258.4,371367.9
Sub-Saharan Africa,Togo,Meat,Offline,M,4/8/2015,746956861,4/23/2015,9989,421.89,364.69,4214259.21,3642888.41,571370.8
Middle East and North Africa,Somalia,Beverages,Offline,L,4/20/2017,466565597,5/3/2017,5983,47.45,31.79,283893.35,190199.57,93693.78
Central America and the Caribbean,Dominica,Beverages,Online,M,4/24/2010,493310868,6/8/2010,503,47.45,31.79,23867.35,15990.37,7876.98
Sub-Saharan Africa,Central African Republic,Cosmetics,Online,C,3/26/2016,655366504,4/8/2016,6367,437.2,263.33,2783652.4,1676622.11,1107030.29
Middle East and North Africa,Syria,Fruits,Offline,C,8/19/2012,401218831,9/25/2012,8423,9.33,6.92,78586.59,58287.16,20299.43
Middle East and North Africa,Turkey,Household,Offline,L,3/21/2012,149666678,4/10/2012,8551,668.27,502.54,5714376.77,4297219.54,1417157.23
Sub-Saharan Africa,Burkina Faso,Clothes,Online,H,8/16/2013,839821374,9/17/2013,662,109.28,35.84,72343.36,23726.08,48617.28
Sub-Saharan Africa,Namibia,Cereal,Online,M,9/30/2012,781106746,10/29/2012,5699,205.7,117.11,1172284.3,667409.89,504874.41
Australia and Oceania,Fiji,Clothes,Offline,C,2/21/2014,603259122,3/23/2014,6635,109.28,35.84,725072.8,237798.4,487274.4
Central America and the Caribbean,Dominican Republic,Baby Food,Online,C,1/19/2012,106327331,3/4/2012,3475,255.28,159.42,887098,553984.5,333113.5
Europe,Bulgaria,Baby Food,Online,H,12/8/2016,510672700,1/22/2017,8255,255.28,159.42,2107336.4,1316012.1,791324.3
Australia and Oceania,Samoa ,Clothes,Online,H,10/28/2013,406969058,12/7/2013,43,109.28,35.84,4699.04,1541.12,3157.92
Europe,Greece,Fruits,Online,L,7/6/2011,706202733,7/8/2011,9937,9.33,6.92,92712.21,68764.04,23948.17
Central America and the Caribbean,Saint Vincent and the Grenadines,Vegetables,Offline,M,1/31/2016,589672553,3/16/2016,6067,154.06,90.93,934682.02,551672.31,383009.71
Sub-Saharan Africa,Tanzania,Snacks,Offline,H,12/21/2011,658989846,1/31/2012,8595,152.58,97.44,1311425.1,837496.8,473928.3
North America,United States of America,Meat,Offline,H,3/4/2011,686078441,3/8/2011,4712,421.89,364.69,1987945.68,1718419.28,269526.4
Australia and Oceania,Federated States of Micronesia,Beverages,Online,C,8/9/2011,963174664,8/20/2011,3642,47.45,31.79,172812.9,115779.18,57033.72
Sub-Saharan Africa,Niger,Snacks,Offline,H,1/14/2016,952827346,2/9/2016,1640,152.58,97.44,250231.2,159801.6,90429.6
Sub-Saharan Africa,Niger,Meat,Online,H,2/27/2013,637897813,3/26/2013,6993,421.89,364.69,2950276.77,2550277.17,399999.6
Australia and Oceania,Federated States of Micronesia,Meat,Offline,M,8/29/2011,971559894,9/28/2011,5018,421.89,364.69,2117044.02,1830014.42,287029.6
Asia,Nepal,Cereal,Offline,C,9/16/2013,727299916,9/30/2013,3062,205.7,117.11,629853.4,358590.82,271262.58
Central America and the Caribbean,The Bahamas,Household,Online,H,3/14/2011,548916709,5/2/2011,5507,668.27,502.54,3680162.89,2767487.78,912675.11
North America,Canada,Cosmetics,Online,M,3/21/2012,700521600,4/2/2012,8763,437.2,263.33,3831183.6,2307560.79,1523622.81
Central America and the Caribbean,Dominican Republic,Baby Food,Offline,C,7/28/2014,616538417,8/22/2014,6273,255.28,159.42,1601371.44,1000041.66,601329.78
Middle East and North Africa,Lebanon,Beverages,Online,L,2/13/2017,251703488,3/5/2017,3510,47.45,31.79,166549.5,111582.9,54966.6
Middle East and North Africa,Pakistan,Baby Food,Online,M,1/3/2016,531065642,1/21/2016,2980,255.28,159.42,760734.4,475071.6,285662.8
Europe,Liechtenstein,Cereal,Offline,C,1/6/2016,199986207,1/9/2016,9218,205.7,117.11,1896142.6,1079519.98,816622.62
Sub-Saharan Africa,South Sudan,Cereal,Online,C,8/19/2011,774139010,10/6/2011,3791,205.7,117.11,779808.7,443964.01,335844.69
Sub-Saharan Africa,Burundi,Meat,Offline,C,7/20/2013,689510381,8/26/2013,299,421.89,364.69,126145.11,109042.31,17102.8
Middle East and North Africa,Saudi Arabia,Cosmetics,Online,H,8/9/2014,252399146,9/23/2014,9371,437.2,263.33,4097001.2,2467665.43,1629335.77
Sub-Saharan Africa,Rwanda,Meat,Online,L,4/5/2016,289416635,4/13/2016,3668,421.89,364.69,1547492.52,1337682.92,209809.6
Middle East and North Africa,Oman,Cosmetics,Online,H,4/8/2017,797486674,4/12/2017,2884,437.2,263.33,1260884.8,759443.72,501441.08
Australia and Oceania,Marshall Islands,Fruits,Online,H,6/8/2017,493845593,6/29/2017,8740,9.33,6.92,81544.2,60480.8,21063.4
Asia,Bangladesh,Office Supplies,Offline,H,11/8/2013,866042220,12/13/2013,9993,651.21,524.96,6507541.53,5245925.28,1261616.25
Europe,Albania,Household,Online,L,4/1/2012,321937882,5/8/2012,7428,668.27,502.54,4963909.56,3732867.12,1231042.44
Asia,Brunei,Vegetables,Offline,C,8/19/2015,939706408,8/23/2015,8863,154.06,90.93,1365433.78,805912.59,559521.19
Europe,Italy,Vegetables,Online,C,12/3/2012,817834126,1/3/2013,4147,154.06,90.93,638886.82,377086.71,261800.11
Australia and Oceania,Fiji,Snacks,Offline,L,1/17/2013,825119864,3/5/2013,159,152.58,97.44,24260.22,15492.96,8767.26
Asia,Mongolia,Household,Online,H,11/5/2010,550674951,12/19/2010,5810,668.27,502.54,3882648.7,2919757.4,962891.3
Sub-Saharan Africa,Botswana,Snacks,Online,C,8/1/2013,553923213,8/5/2013,7043,152.58,97.44,1074620.94,686269.92,388351.02
Europe,Macedonia,Snacks,Online,L,6/13/2014,114600980,7/8/2014,1831,152.58,97.44,279373.98,178412.64,100961.34
Europe,Malta,Household,Offline,L,6/22/2011,382757079,7/30/2011,5180,668.27,502.54,3461638.6,2603157.2,858481.4
Sub-Saharan Africa,Cameroon,Snacks,Offline,L,5/3/2011,328752839,6/11/2011,4126,152.58,97.44,629545.08,402037.44,227507.64
Central America and the Caribbean,Grenada,Snacks,Online,L,5/31/2010,793262088,6/13/2010,2735,152.58,97.44,417306.3,266498.4,150807.9
Europe,Netherlands,Cosmetics,Offline,H,9/22/2013,437271153,10/2/2013,7106,437.2,263.33,3106743.2,1871222.98,1235520.22
Sub-Saharan Africa,Swaziland,Fruits,Offline,H,12/30/2015,692078864,1/14/2016,370,9.33,6.92,3452.1,2560.4,891.7
Europe,Slovenia,Vegetables,Online,L,1/3/2013,809296548,2/1/2013,7688,154.06,90.93,1184413.28,699069.84,485343.44
Middle East and North Africa,Libya,Household,Offline,L,12/25/2012,110848033,2/1/2013,1251,668.27,502.54,836005.77,628677.54,207328.23
Sub-Saharan Africa,South Sudan,Office Supplies,Online,L,1/17/2010,238969647,3/3/2010,5284,651.21,524.96,3440993.64,2773888.64,667105
Sub-Saharan Africa,Equatorial Guinea,Household,Offline,H,10/3/2010,206210219,11/11/2010,1041,668.27,502.54,695669.07,523144.14,172524.93
Sub-Saharan Africa,Uganda,Vegetables,Offline,H,2/27/2015,445431077,3/21/2015,1809,154.06,90.93,278694.54,164492.37,114202.17
Sub-Saharan Africa,Tanzania,Meat,Online,H,1/4/2013,559806048,2/10/2013,7905,421.89,364.69,3335040.45,2882874.45,452166
Asia,Tajikistan,Snacks,Offline,H,4/10/2010,672821462,5/17/2010,1677,152.58,97.44,255876.66,163406.88,92469.78
Europe,Greece,Fruits,Online,L,3/11/2010,978276145,3/26/2010,2506,9.33,6.92,23380.98,17341.52,6039.46
Europe,Czech Republic,Fruits,Online,C,1/27/2017,390281426,2/23/2017,1802,9.33,6.92,16812.66,12469.84,4342.82
Asia,Malaysia,Personal Care,Online,M,5/11/2017,593261134,5/28/2017,8008,81.73,56.67,654493.84,453813.36,200680.48
Central America and the Caribbean,Costa Rica,Household,Offline,M,9/12/2013,191951596,10/26/2013,1598,668.27,502.54,1067895.46,803058.92,264836.54
Middle East and North Africa,Jordan,Cereal,Online,L,8/5/2013,561401641,8/6/2013,76,205.7,117.11,15633.2,8900.36,6732.84
Middle East and North Africa,Bahrain,Cereal,Offline,H,6/21/2010,896972596,6/21/2010,2979,205.7,117.11,612780.3,348870.69,263909.61
Asia,Vietnam,Cereal,Online,H,3/4/2010,464338290,4/11/2010,6874,205.7,117.11,1413981.8,805014.14,608967.66
Central America and the Caribbean,Saint Vincent and the Grenadines,Cereal,Offline,L,1/14/2012,849485051,2/6/2012,359,205.7,117.11,73846.3,42042.49,31803.81
Central America and the Caribbean,Guatemala,Meat,Offline,M,9/5/2012,108711707,9/12/2012,9065,421.89,364.69,3824432.85,3305914.85,518518
Sub-Saharan Africa,Namibia,Cosmetics,Online,H,5/11/2017,418629586,5/11/2017,652,437.2,263.33,285054.4,171691.16,113363.24
Europe,Ukraine,Cosmetics,Offline,L,6/17/2013,426162517,6/21/2013,9814,437.2,263.33,4290680.8,2584320.62,1706360.18
Sub-Saharan Africa,Gabon,Office Supplies,Online,C,2/25/2012,198546826,3/30/2012,3273,651.21,524.96,2131410.33,1718194.08,413216.25
Asia,Indonesia,Household,Online,C,4/24/2014,773331344,6/2/2014,4785,668.27,502.54,3197671.95,2404653.9,793018.05
Sub-Saharan Africa,Cote d'Ivoire,Household,Online,M,4/23/2014,108377397,5/28/2014,135,668.27,502.54,90216.45,67842.9,22373.55
Central America and the Caribbean,Dominican Republic,Cosmetics,Online,L,5/13/2011,731858813,6/9/2011,2141,437.2,263.33,936045.2,563789.53,372255.67
Europe,Belarus,Household,Online,M,5/2/2013,292261922,6/3/2013,5652,668.27,502.54,3777062.04,2840356.08,936705.96
Sub-Saharan Africa,Sierra Leone,Snacks,Online,C,3/17/2010,108385550,3/21/2010,2548,152.58,97.44,388773.84,248277.12,140496.72
Middle East and North Africa,Turkey,Snacks,Offline,H,10/4/2015,219341027,10/16/2015,6739,152.58,97.44,1028236.62,656648.16,371588.46
Sub-Saharan Africa,Lesotho,Vegetables,Online,M,10/1/2010,734552180,10/14/2010,9168,154.06,90.93,1412422.08,833646.24,578775.84
Sub-Saharan Africa,Botswana,Vegetables,Offline,L,11/14/2014,483755338,12/11/2014,2809,154.06,90.93,432754.54,255422.37,177332.17
Europe,United Kingdom,Cosmetics,Offline,M,10/19/2014,166999328,10/30/2014,7667,437.2,263.33,3352012.4,2018951.11,1333061.29
Sub-Saharan Africa,Niger,Beverages,Offline,L,6/3/2013,104645478,7/12/2013,5777,47.45,31.79,274118.65,183650.83,90467.82
Europe,Spain,Household,Online,L,11/28/2010,687367618,12/17/2010,6208,668.27,502.54,4148620.16,3119768.32,1028851.84
Europe,Belarus,Office Supplies,Online,H,1/21/2016,126152074,2/15/2016,57,651.21,524.96,37118.97,29922.72,7196.25
Europe,Latvia,Beverages,Online,C,3/27/2012,302297675,4/15/2012,5455,47.45,31.79,258839.75,173414.45,85425.3
Sub-Saharan Africa,Senegal,Cereal,Offline,L,3/2/2014,917415750,3/26/2014,2562,205.7,117.11,527003.4,300035.82,226967.58
Asia,Uzbekistan,Household,Online,C,2/15/2011,843430125,2/19/2011,8572,668.27,502.54,5728410.44,4307772.88,1420637.56
Central America and the Caribbean,Costa Rica,Cosmetics,Offline,C,3/6/2016,372577130,4/11/2016,2707,437.2,263.33,1183500.4,712834.31,470666.09
Sub-Saharan Africa,Togo,Vegetables,Online,H,12/13/2016,767405593,1/16/2017,1223,154.06,90.93,188415.38,111207.39,77207.99
Sub-Saharan Africa,Equatorial Guinea,Personal Care,Offline,M,4/11/2017,210776841,5/6/2017,2406,81.73,56.67,196642.38,136348.02,60294.36
Asia,Singapore,Vegetables,Online,C,9/11/2010,555864703,10/7/2010,1573,154.06,90.93,242336.38,143032.89,99303.49
Sub-Saharan Africa,Zambia,Beverages,Online,L,7/12/2014,576155507,7/28/2014,6073,47.45,31.79,288163.85,193060.67,95103.18
Europe,Montenegro,Personal Care,Online,H,2/2/2013,915448081,2/15/2013,285,81.73,56.67,23293.05,16150.95,7142.1
Sub-Saharan Africa,Sudan,Personal Care,Online,C,6/22/2014,937853753,8/10/2014,622,81.73,56.67,50836.06,35248.74,15587.32
Sub-Saharan Africa,Mauritius ,Baby Food,Offline,L,6/23/2016,977796351,8/4/2016,524,255.28,159.42,133766.72,83536.08,50230.64
Sub-Saharan Africa,Comoros,Clothes,Offline,L,5/24/2010,990012204,6/17/2010,5466,109.28,35.84,597324.48,195901.44,401423.04
Europe,Macedonia,Beverages,Online,C,2/1/2015,999550139,2/18/2015,7953,47.45,31.79,377369.85,252825.87,124543.98
Sub-Saharan Africa,Cape Verde,Vegetables,Offline,C,8/13/2012,651771485,8/17/2012,2521,154.06,90.93,388385.26,229234.53,159150.73
Sub-Saharan Africa,Botswana,Snacks,Online,M,8/14/2012,562350070,8/23/2012,737,152.58,97.44,112451.46,71813.28,40638.18
Europe,Ireland,Baby Food,Online,C,8/22/2010,967272222,9/8/2010,6200,255.28,159.42,1582736,988404,594332
Middle East and North Africa,Syria,Personal Care,Offline,L,8/30/2014,372836768,8/31/2014,9540,81.73,56.67,779704.2,540631.8,239072.4
Central America and the Caribbean,Cuba,Cereal,Online,L,1/1/2011,505655038,2/20/2011,3417,205.7,117.11,702876.9,400164.87,302712.03
Asia,Maldives,Cereal,Offline,L,7/21/2013,462650859,8/27/2013,7525,205.7,117.11,1547892.5,881252.75,666639.75
Europe,Denmark,Clothes,Offline,H,7/23/2014,761060559,7/25/2014,3587,109.28,35.84,391987.36,128558.08,263429.28
Europe,Denmark,Clothes,Offline,H,2/6/2011,188432967,3/2/2011,357,109.28,35.84,39012.96,12794.88,26218.08
Australia and Oceania,Marshall Islands,Baby Food,Online,M,6/26/2016,752629411,8/6/2016,8623,255.28,159.42,2201279.44,1374678.66,826600.78
Europe,Montenegro,Beverages,Offline,H,1/1/2011,931823718,2/2/2011,6200,47.45,31.79,294190,197098,97092
Australia and Oceania,Palau,Office Supplies,Offline,C,11/10/2013,624502217,12/20/2013,2939,651.21,524.96,1913906.19,1542857.44,371048.75
Asia,Malaysia,Personal Care,Online,L,4/9/2011,699463737,5/23/2011,5718,81.73,56.67,467332.14,324039.06,143293.08
Middle East and North Africa,Kuwait,Vegetables,Online,L,3/20/2013,745819604,4/27/2013,3449,154.06,90.93,531352.94,313617.57,217735.37
Middle East and North Africa,Bahrain,Personal Care,Offline,M,10/27/2011,422993648,10/30/2011,2075,81.73,56.67,169589.75,117590.25,51999.5
Sub-Saharan Africa,Cameroon,Baby Food,Offline,H,6/1/2015,810722196,7/7/2015,9569,255.28,159.42,2442774.32,1525489.98,917284.34
Sub-Saharan Africa,Sudan,Office Supplies,Online,H,6/17/2014,359054076,7/5/2014,935,651.21,524.96,608881.35,490837.6,118043.75
Sub-Saharan Africa,Eritrea,Vegetables,Online,C,8/18/2015,738350617,10/4/2015,3210,154.06,90.93,494532.6,291885.3,202647.3
Sub-Saharan Africa,Angola,Vegetables,Offline,C,4/22/2015,989285647,4/29/2015,462,154.06,90.93,71175.72,42009.66,29166.06
Sub-Saharan Africa,Zambia,Beverages,Online,M,12/7/2010,672845494,1/24/2011,8789,47.45,31.79,417038.05,279402.31,137635.74
Middle East and North Africa,Bahrain,Office Supplies,Online,M,5/19/2012,320328986,5/23/2012,1320,651.21,524.96,859597.2,692947.2,166650
Australia and Oceania,Tuvalu,Cosmetics,Offline,H,6/10/2015,983347451,7/6/2015,3218,437.2,263.33,1406909.6,847395.94,559513.66
Europe,Denmark,Office Supplies,Offline,H,3/4/2013,183824717,3/6/2013,6674,651.21,524.96,4346175.54,3503583.04,842592.5
Asia,Indonesia,Fruits,Offline,H,11/10/2014,463997113,12/14/2014,5912,9.33,6.92,55158.96,40911.04,14247.92
Europe,Czech Republic,Snacks,Online,C,11/28/2011,836413466,12/8/2011,2187,152.58,97.44,333692.46,213101.28,120591.18
Europe,Finland,Baby Food,Offline,H,12/10/2011,833935105,1/13/2012,8784,255.28,159.42,2242379.52,1400345.28,842034.24
Central America and the Caribbean,Dominica,Beverages,Offline,M,4/13/2012,959735858,5/30/2012,6023,47.45,31.79,285791.35,191471.17,94320.18
Europe,Portugal,Fruits,Online,M,4/30/2011,437302052,5/2/2011,6250,9.33,6.92,58312.5,43250,15062.5
Sub-Saharan Africa,Guinea-Bissau,Snacks,Online,M,4/26/2012,360432517,6/10/2012,8846,152.58,97.44,1349722.68,861954.24,487768.44
Middle East and North Africa,Lebanon,Cosmetics,Online,C,12/28/2011,543238580,1/25/2012,5223,437.2,263.33,2283495.6,1375372.59,908123.01
Sub-Saharan Africa,Namibia,Cosmetics,Online,L,12/5/2011,870144069,1/22/2012,3821,437.2,263.33,1670541.2,1006183.93,664357.27
Central America and the Caribbean,Haiti,Cereal,Online,H,10/13/2014,845885312,10/24/2014,5116,205.7,117.11,1052361.2,599134.76,453226.44
Sub-Saharan Africa,Zimbabwe,Personal Care,Offline,C,11/29/2012,945511138,12/13/2012,6612,81.73,56.67,540398.76,374702.04,165696.72
Australia and Oceania,Tonga,Beverages,Online,C,11/19/2014,364382874,12/5/2014,7845,47.45,31.79,372245.25,249392.55,122852.7
Europe,Portugal,Vegetables,Online,H,5/25/2011,168174350,6/7/2011,5382,154.06,90.93,829150.92,489385.26,339765.66
Sub-Saharan Africa,South Sudan,Cosmetics,Offline,H,12/8/2016,142871892,12/25/2016,7823,437.2,263.33,3420215.6,2060030.59,1360185.01
Middle East and North Africa,Algeria,Meat,Offline,L,12/21/2012,144774329,1/17/2013,796,421.89,364.69,335824.44,290293.24,45531.2
Asia,Nepal,Fruits,Offline,L,5/2/2012,550492990,5/7/2012,1964,9.33,6.92,18324.12,13590.88,4733.24
Sub-Saharan Africa,Uganda,Household,Online,C,7/21/2017,906951701,7/22/2017,6018,668.27,502.54,4021648.86,3024285.72,997363.14
Sub-Saharan Africa,Botswana,Meat,Offline,C,1/30/2017,381386792,3/1/2017,9682,421.89,364.69,4084738.98,3530928.58,553810.4
Sub-Saharan Africa,Tanzania,Personal Care,Offline,M,10/18/2011,911347091,11/29/2011,6711,81.73,56.67,548490.03,380312.37,168177.66
Australia and Oceania,East Timor,Household,Online,L,3/18/2011,454693925,3/22/2011,2892,668.27,502.54,1932636.84,1453345.68,479291.16
North America,United States of America,Office Supplies,Offline,L,7/17/2014,639601123,8/5/2014,1040,651.21,524.96,677258.4,545958.4,131300
Europe,Liechtenstein,Office Supplies,Offline,C,7/4/2014,914555013,7/8/2014,6007,651.21,524.96,3911818.47,3153434.72,758383.75
North America,Mexico,Cosmetics,Offline,H,3/28/2016,798354423,4/12/2016,9670,437.2,263.33,4227724,2546401.1,1681322.9
Sub-Saharan Africa,Uganda,Cosmetics,Offline,L,10/17/2010,330110681,11/6/2010,5941,437.2,263.33,2597405.2,1564443.53,1032961.67
Sub-Saharan Africa,Mali,Household,Online,M,10/18/2016,519247615,11/12/2016,5763,668.27,502.54,3851240.01,2896138.02,955101.99
Europe,Russia,Cereal,Offline,L,1/28/2016,195501554,1/29/2016,2109,205.7,117.11,433821.3,246984.99,186836.31
Europe,Switzerland,Meat,Offline,M,6/13/2010,958921325,6/19/2010,4984,421.89,364.69,2102699.76,1817614.96,285084.8
Europe,Macedonia,Baby Food,Online,L,5/19/2010,429868257,5/30/2010,6425,255.28,159.42,1640174,1024273.5,615900.5
Asia,Mongolia,Snacks,Online,L,1/14/2016,799016177,2/10/2016,5498,152.58,97.44,838884.84,535725.12,303159.72
Europe,Austria,Household,Online,H,7/3/2013,277351415,7/30/2013,3302,668.27,502.54,2206627.54,1659387.08,547240.46
Middle East and North Africa,Lebanon,Household,Offline,C,6/7/2016,746172797,6/28/2016,7967,668.27,502.54,5324107.09,4003736.18,1320370.91
Sub-Saharan Africa,Sudan,Meat,Offline,L,10/31/2016,107091653,12/6/2016,9655,421.89,364.69,4073347.95,3521081.95,552266
Sub-Saharan Africa,Liberia,Beverages,Offline,C,7/21/2011,832031810,8/23/2011,5557,47.45,31.79,263679.65,176657.03,87022.62
Middle East and North Africa,Turkey,Personal Care,Offline,H,8/27/2013,513229596,10/5/2013,4897,81.73,56.67,400231.81,277512.99,122718.82
Asia,China,Cereal,Offline,M,10/7/2010,413233840,10/26/2010,3931,205.7,117.11,808606.7,460359.41,348247.29
Sub-Saharan Africa,Comoros,Snacks,Online,C,4/17/2014,514905869,4/17/2014,944,152.58,97.44,144035.52,91983.36,52052.16
Europe,Czech Republic,Vegetables,Online,L,3/16/2010,871419513,5/5/2010,1254,154.06,90.93,193191.24,114026.22,79165.02
Sub-Saharan Africa,Lesotho,Snacks,Offline,L,10/27/2015,256261098,12/13/2015,2208,152.58,97.44,336896.64,215147.52,121749.12
Europe,Ireland,Clothes,Offline,M,6/15/2015,213229453,6/22/2015,8188,109.28,35.84,894784.64,293457.92,601326.72
Europe,Belarus,Cosmetics,Online,M,3/14/2017,106435906,3/28/2017,5605,437.2,263.33,2450506,1475964.65,974541.35
Asia,Singapore,Cosmetics,Offline,L,4/14/2011,270304286,5/20/2011,7900,437.2,263.33,3453880,2080307,1373573
Europe,Andorra,Snacks,Online,C,9/19/2011,659570920,9/24/2011,547,152.58,97.44,83461.26,53299.68,30161.58
Sub-Saharan Africa,Burkina Faso,Cereal,Offline,L,8/22/2014,399284636,10/5/2014,6052,205.7,117.11,1244896.4,708749.72,536146.68
Asia,Kazakhstan,Clothes,Offline,H,4/7/2017,934806764,5/11/2017,8950,109.28,35.84,978056,320768,657288
Europe,United Kingdom,Clothes,Offline,C,1/29/2014,181811130,3/20/2014,808,109.28,35.84,88298.24,28958.72,59339.52
Asia,Vietnam,Personal Care,Online,C,10/12/2015,176284062,11/6/2015,5226,81.73,56.67,427120.98,296157.42,130963.56
Europe,Cyprus,Cosmetics,Online,M,3/11/2015,324524390,4/16/2015,2834,437.2,263.33,1239024.8,746277.22,492747.58
Europe,Hungary,Snacks,Online,C,10/14/2013,553143441,11/1/2013,6291,152.58,97.44,959880.78,612995.04,346885.74
Australia and Oceania,Vanuatu,Cosmetics,Online,L,4/24/2010,859065043,6/11/2010,5292,437.2,263.33,2313662.4,1393542.36,920120.04
Sub-Saharan Africa,Kenya,Meat,Offline,C,2/25/2012,859525525,3/9/2012,1558,421.89,364.69,657304.62,568187.02,89117.6
Sub-Saharan Africa,Democratic Republic of the Congo,Fruits,Online,M,5/23/2016,242073714,7/4/2016,3846,9.33,6.92,35883.18,26614.32,9268.86
Sub-Saharan Africa,Burkina Faso,Personal Care,Online,H,8/15/2013,114570939,9/8/2013,2942,81.73,56.67,240449.66,166723.14,73726.52
Australia and Oceania,Australia,Household,Online,L,6/1/2014,755191028,7/10/2014,6662,668.27,502.54,4452014.74,3347921.48,1104093.26
Central America and the Caribbean,Guatemala,Household,Online,M,4/9/2015,262420308,5/6/2015,4856,668.27,502.54,3245119.12,2440334.24,804784.88
Europe,Andorra,Personal Care,Online,L,7/16/2017,405057609,8/4/2017,4403,81.73,56.67,359857.19,249518.01,110339.18
Europe,Iceland,Fruits,Offline,L,1/23/2016,772214257,2/1/2016,4214,9.33,6.92,39316.62,29160.88,10155.74
Sub-Saharan Africa,Republic of the Congo,Personal Care,Offline,M,7/13/2010,123314082,8/12/2010,232,81.73,56.67,18961.36,13147.44,5813.92
Asia,China,Vegetables,Offline,L,11/7/2016,438093411,12/1/2016,431,154.06,90.93,66399.86,39190.83,27209.03
Europe,Lithuania,Vegetables,Offline,L,5/6/2010,166601073,6/1/2010,9815,154.06,90.93,1512098.9,892477.95,619620.95
Sub-Saharan Africa,Seychelles ,Baby Food,Online,M,10/28/2012,979198396,11/30/2012,5420,255.28,159.42,1383617.6,864056.4,519561.2
Sub-Saharan Africa,Guinea-Bissau,Cereal,Offline,M,2/5/2013,116559207,3/6/2013,1314,205.7,117.11,270289.8,153882.54,116407.26
Europe,Monaco,Snacks,Offline,C,3/10/2016,739669835,3/23/2016,3596,152.58,97.44,548677.68,350394.24,198283.44
Europe,Sweden,Clothes,Offline,C,10/25/2016,679829108,11/15/2016,5395,109.28,35.84,589565.6,193356.8,396208.8
North America,United States of America,Cosmetics,Offline,L,10/9/2010,988648355,10/11/2010,1873,437.2,263.33,818875.6,493217.09,325658.51
Europe,Ukraine,Vegetables,Offline,C,11/1/2013,988051402,12/17/2013,5221,154.06,90.93,804347.26,474745.53,329601.73
Middle East and North Africa,Tunisia ,Fruits,Offline,H,7/27/2012,520274579,7/28/2012,9664,9.33,6.92,90165.12,66874.88,23290.24
Australia and Oceania,Tonga,Cereal,Online,C,7/13/2013,397866714,7/23/2013,6457,205.7,117.11,1328204.9,756179.27,572025.63
Sub-Saharan Africa,Nigeria,Snacks,Offline,H,10/6/2016,153689134,10/30/2016,8885,152.58,97.44,1355673.3,865754.4,489918.9
Europe,Estonia,Meat,Offline,C,1/11/2012,290915668,2/15/2012,7266,421.89,364.69,3065452.74,2649837.54,415615.2
Sub-Saharan Africa,South Africa,Snacks,Offline,H,11/9/2012,933032643,12/26/2012,3948,152.58,97.44,602385.84,384693.12,217692.72
Middle East and North Africa,Syria,Personal Care,Online,M,12/2/2014,473838889,12/4/2014,8312,81.73,56.67,679339.76,471041.04,208298.72
Middle East and North Africa,Afghanistan,Vegetables,Offline,H,12/14/2014,527445733,12/21/2014,1768,154.06,90.93,272378.08,160764.24,111613.84
Central America and the Caribbean,Saint Lucia,Baby Food,Online,M,7/18/2014,978277003,7/24/2014,2760,255.28,159.42,704572.8,439999.2,264573.6
Sub-Saharan Africa,Comoros,Clothes,Online,H,5/4/2016,431069028,5/11/2016,1760,109.28,35.84,192332.8,63078.4,129254.4
Sub-Saharan Africa,Chad,Vegetables,Offline,M,9/13/2012,260870635,9/17/2012,6273,154.06,90.93,966418.38,570403.89,396014.49
Sub-Saharan Africa,Sierra Leone,Beverages,Online,L,3/12/2012,563043153,3/21/2012,5836,47.45,31.79,276918.2,185526.44,91391.76
Sub-Saharan Africa,Rwanda,Snacks,Offline,L,2/4/2013,603260409,2/21/2013,7016,152.58,97.44,1070501.28,683639.04,386862.24
Middle East and North Africa,Egypt,Vegetables,Online,H,9/27/2014,167508733,11/6/2014,8411,154.06,90.93,1295798.66,764812.23,530986.43
Sub-Saharan Africa,Gabon,Personal Care,Online,C,9/27/2013,912086951,10/23/2013,5652,81.73,56.67,461937.96,320298.84,141639.12
Europe,Macedonia,Personal Care,Offline,L,5/11/2015,513606393,6/18/2015,6400,81.73,56.67,523072,362688,160384
Europe,Georgia,Office Supplies,Offline,M,7/20/2014,318990886,8/15/2014,5347,651.21,524.96,3482019.87,2806961.12,675058.75
Central America and the Caribbean,Trinidad and Tobago,Clothes,Offline,H,11/29/2014,395476758,12/2/2014,9216,109.28,35.84,1007124.48,330301.44,676823.04
Sub-Saharan Africa,Mauritania,Household,Online,H,4/28/2017,880612838,5/22/2017,1763,668.27,502.54,1178160.01,885978.02,292181.99
Middle East and North Africa,Kuwait,Clothes,Offline,H,2/26/2016,632260453,2/26/2016,8773,109.28,35.84,958713.44,314424.32,644289.12
Central America and the Caribbean,Barbados,Snacks,Online,C,8/14/2010,378593432,9/23/2010,3065,152.58,97.44,467657.7,298653.6,169004.1
Central America and the Caribbean,Cuba,Fruits,Online,H,2/26/2016,468098104,3/2/2016,9486,9.33,6.92,88504.38,65643.12,22861.26
Europe,Armenia,Clothes,Online,H,3/4/2015,419573295,3/9/2015,9917,109.28,35.84,1083729.76,355425.28,728304.48
Central America and the Caribbean,Guatemala,Personal Care,Offline,H,11/16/2013,272130334,11/22/2013,8268,81.73,56.67,675743.64,468547.56,207196.08
Sub-Saharan Africa,Swaziland,Vegetables,Online,C,9/29/2015,135193049,10/15/2015,5482,154.06,90.93,844556.92,498478.26,346078.66
Europe,Estonia,Baby Food,Offline,H,3/6/2010,638497769,3/10/2010,4534,255.28,159.42,1157439.52,722810.28,434629.24
Central America and the Caribbean,Barbados,Baby Food,Online,L,2/22/2014,682093322,3/23/2014,5426,255.28,159.42,1385149.28,865012.92,520136.36
Asia,Laos,Vegetables,Online,L,5/21/2015,586341035,6/2/2015,197,154.06,90.93,30349.82,17913.21,12436.61
Sub-Saharan Africa,Equatorial Guinea,Cereal,Online,C,1/25/2014,741914737,2/7/2014,7912,205.7,117.11,1627498.4,926574.32,700924.08
Europe,France,Fruits,Online,H,6/4/2011,259800755,6/10/2011,9672,9.33,6.92,90239.76,66930.24,23309.52
Asia,Malaysia,Household,Offline,H,7/13/2013,121297919,7/15/2013,3605,668.27,502.54,2409113.35,1811656.7,597456.65
Australia and Oceania,Samoa ,Cereal,Offline,C,5/26/2012,928017556,6/20/2012,9872,205.7,117.11,2030670.4,1156109.92,874560.48
Europe,Sweden,Office Supplies,Online,M,6/13/2012,651883494,7/23/2012,5667,651.21,524.96,3690407.07,2974948.32,715458.75
Asia,Bhutan,Cosmetics,Offline,L,8/9/2011,485132062,8/29/2011,213,437.2,263.33,93123.6,56089.29,37034.31
Middle East and North Africa,Libya,Baby Food,Online,H,8/17/2012,790312087,9/19/2012,9764,255.28,159.42,2492553.92,1556576.88,935977.04
Sub-Saharan Africa,Equatorial Guinea,Fruits,Offline,C,10/14/2011,650284898,10/18/2011,2607,9.33,6.92,24323.31,18040.44,6282.87
Central America and the Caribbean,Guatemala,Meat,Online,C,3/9/2010,118224322,3/10/2010,4059,421.89,364.69,1712451.51,1480276.71,232174.8
Sub-Saharan Africa,Cote d'Ivoire,Baby Food,Online,C,1/5/2010,667616689,1/9/2010,1469,255.28,159.42,375006.32,234187.98,140818.34
Europe,Ireland,Cosmetics,Offline,H,9/20/2010,242260825,10/19/2010,9217,437.2,263.33,4029672.4,2427112.61,1602559.79
Sub-Saharan Africa,Ghana,Beverages,Online,M,10/28/2012,906268060,11/4/2012,3713,47.45,31.79,176181.85,118036.27,58145.58
Europe,Norway,Personal Care,Offline,C,2/19/2014,294062221,2/27/2014,8401,81.73,56.67,686613.73,476084.67,210529.06
Sub-Saharan Africa,Zambia,Baby Food,Offline,L,7/5/2013,160379636,7/20/2013,8753,255.28,159.42,2234465.84,1395403.26,839062.58
Australia and Oceania,Vanuatu,Vegetables,Offline,C,9/1/2014,530269134,10/20/2014,7275,154.06,90.93,1120786.5,661515.75,459270.75
Europe,Poland,Vegetables,Offline,L,10/25/2014,149092042,12/6/2014,8503,154.06,90.93,1309972.18,773177.79,536794.39
Europe,Montenegro,Snacks,Online,C,1/6/2016,532522189,1/23/2016,4004,152.58,97.44,610930.32,390149.76,220780.56
Australia and Oceania,Palau,Office Supplies,Offline,M,10/25/2013,116545903,11/6/2013,7378,651.21,524.96,4804627.38,3873154.88,931472.5
Europe,Poland,Beverages,Offline,M,3/12/2016,107462012,4/30/2016,9252,47.45,31.79,439007.4,294121.08,144886.32
Middle East and North Africa,Qatar,Household,Online,L,1/17/2017,431881844,2/1/2017,2290,668.27,502.54,1530338.3,1150816.6,379521.7
Australia and Oceania,Samoa ,Office Supplies,Online,C,2/12/2015,186729228,3/20/2015,6183,651.21,524.96,4026431.43,3245827.68,780603.75
Europe,Belgium,Vegetables,Online,L,3/21/2010,789240491,3/22/2010,2655,154.06,90.93,409029.3,241419.15,167610.15
Middle East and North Africa,Egypt,Beverages,Online,C,8/2/2014,126964461,9/9/2014,460,47.45,31.79,21827,14623.4,7203.6
Europe,San Marino,Fruits,Online,M,3/26/2011,207762467,4/30/2011,386,9.33,6.92,3601.38,2671.12,930.26
Europe,Russia,Household,Online,L,9/23/2010,409808337,10/15/2010,249,668.27,502.54,166399.23,125132.46,41266.77
Europe,Croatia,Cereal,Offline,H,2/25/2017,631588399,4/8/2017,9897,205.7,117.11,2035812.9,1159037.67,876775.23
North America,United States of America,Clothes,Offline,H,9/15/2016,841901481,10/8/2016,6212,109.28,35.84,678847.36,222638.08,456209.28
Central America and the Caribbean,Haiti,Fruits,Online,C,10/22/2011,629858911,11/1/2011,8103,9.33,6.92,75600.99,56072.76,19528.23
Europe,Denmark,Clothes,Online,M,4/15/2017,554884517,5/19/2017,1514,109.28,35.84,165449.92,54261.76,111188.16
Europe,Macedonia,Beverages,Offline,L,3/12/2011,796714627,4/22/2011,4418,47.45,31.79,209634.1,140448.22,69185.88
Australia and Oceania,Tuvalu,Office Supplies,Online,L,4/11/2014,705398070,4/24/2014,1819,651.21,524.96,1184550.99,954902.24,229648.75
Asia,Japan,Beverages,Offline,M,6/29/2010,151296174,8/16/2010,755,47.45,31.79,35824.75,24001.45,11823.3
Australia and Oceania,New Zealand,Beverages,Online,H,5/14/2011,875082767,6/13/2011,5292,47.45,31.79,251105.4,168232.68,82872.72
Asia,China,Beverages,Online,C,5/7/2014,637744176,5/13/2014,1529,47.45,31.79,72551.05,48606.91,23944.14
Sub-Saharan Africa,Uganda,Vegetables,Online,C,2/25/2014,870579230,3/12/2014,2595,154.06,90.93,399785.7,235963.35,163822.35
Middle East and North Africa,Egypt,Vegetables,Offline,L,2/23/2014,825199258,2/28/2014,3653,154.06,90.93,562781.18,332167.29,230613.89
Sub-Saharan Africa,Ghana,Office Supplies,Offline,C,12/21/2014,723528087,1/6/2015,6894,651.21,524.96,4489441.74,3619074.24,870367.5
Europe,Vatican City,Office Supplies,Online,M,10/3/2010,407802045,11/19/2010,6542,651.21,524.96,4260215.82,3434288.32,825927.5
Sub-Saharan Africa,Central African Republic,Personal Care,Offline,H,8/18/2015,690569961,9/25/2015,3852,81.73,56.67,314823.96,218292.84,96531.12
Europe,Liechtenstein,Beverages,Offline,C,6/29/2014,204693162,8/11/2014,2110,47.45,31.79,100119.5,67076.9,33042.6
Middle East and North Africa,Afghanistan,Vegetables,Offline,L,3/31/2012,353345477,4/1/2012,1634,154.06,90.93,251734.04,148579.62,103154.42
Europe,Finland,Personal Care,Online,H,11/10/2014,360013234,11/29/2014,4771,81.73,56.67,389933.83,270372.57,119561.26
Sub-Saharan Africa,Kenya,Meat,Online,L,6/3/2010,418495261,7/11/2010,903,421.89,364.69,380966.67,329315.07,51651.6
Middle East and North Africa,Afghanistan,Clothes,Offline,C,10/26/2010,342902886,11/9/2010,1439,109.28,35.84,157253.92,51573.76,105680.16
Europe,Vatican City,Baby Food,Online,M,1/22/2010,917659938,3/6/2010,4823,255.28,159.42,1231215.44,768882.66,462332.78
Sub-Saharan Africa,South Africa,Personal Care,Offline,M,10/19/2010,747502744,11/19/2010,1528,81.73,56.67,124883.44,86591.76,38291.68
Central America and the Caribbean,Antigua and Barbuda ,Fruits,Offline,H,12/19/2012,307480132,1/12/2013,9059,9.33,6.92,84520.47,62688.28,21832.19
Sub-Saharan Africa,Mauritania,Cereal,Offline,C,7/22/2017,592953431,8/22/2017,6952,205.7,117.11,1430026.4,814148.72,615877.68
Europe,Belarus,Personal Care,Offline,H,4/8/2015,869596469,5/28/2015,1774,81.73,56.67,144989.02,100532.58,44456.44
Europe,Vatican City,Clothes,Offline,H,1/4/2013,923395574,2/14/2013,2125,109.28,35.84,232220,76160,156060
Europe,Malta,Baby Food,Online,L,12/24/2014,610649573,12/26/2014,3634,255.28,159.42,927687.52,579332.28,348355.24
Sub-Saharan Africa,Malawi,Cereal,Online,C,4/13/2011,307969796,6/1/2011,3961,205.7,117.11,814777.7,463872.71,350904.99
Sub-Saharan Africa,Sierra Leone,Fruits,Online,H,1/7/2012,462280070,2/5/2012,7801,9.33,6.92,72783.33,53982.92,18800.41
Sub-Saharan Africa,Chad,Fruits,Online,L,3/20/2013,240816724,3/26/2013,1875,9.33,6.92,17493.75,12975,4518.75
Sub-Saharan Africa,Madagascar,Baby Food,Online,M,10/3/2015,681128585,11/6/2015,9939,255.28,159.42,2537227.92,1584475.38,952752.54
Europe,United Kingdom,Cereal,Offline,C,12/31/2013,641076982,1/26/2014,7780,205.7,117.11,1600346,911115.8,689230.2
Central America and the Caribbean,Saint Lucia,Office Supplies,Offline,M,9/29/2014,848835742,11/6/2014,8214,651.21,524.96,5349038.94,4312021.44,1037017.5
Sub-Saharan Africa,Mauritania,Vegetables,Online,M,9/13/2010,752891194,10/18/2010,6090,154.06,90.93,938225.4,553763.7,384461.7
Asia,Mongolia,Meat,Offline,H,7/30/2014,772042167,8/22/2014,3288,421.89,364.69,1387174.32,1199100.72,188073.6
Europe,Ireland,Fruits,Offline,H,6/6/2017,945399987,6/27/2017,3720,9.33,6.92,34707.6,25742.4,8965.2
Asia,Indonesia,Cereal,Offline,L,3/2/2015,482388484,4/6/2015,8327,205.7,117.11,1712863.9,975174.97,737688.93
Middle East and North Africa,Yemen,Cereal,Online,L,4/29/2012,912743985,6/3/2012,83,205.7,117.11,17073.1,9720.13,7352.97
Sub-Saharan Africa,Burundi,Household,Online,H,9/27/2010,236515319,10/27/2010,8994,668.27,502.54,6010420.38,4519844.76,1490575.62
Sub-Saharan Africa,Kenya,Clothes,Offline,M,4/16/2013,574063813,5/27/2013,7094,109.28,35.84,775232.32,254248.96,520983.36
Europe,Netherlands,Personal Care,Offline,M,7/27/2012,516063296,8/24/2012,3452,81.73,56.67,282131.96,195624.84,86507.12
Europe,Romania,Beverages,Online,L,5/22/2017,973500096,6/5/2017,9167,47.45,31.79,434974.15,291418.93,143555.22
Asia,Bhutan,Snacks,Online,L,2/8/2011,227673041,2/19/2011,2367,152.58,97.44,361156.86,230640.48,130516.38
Asia,Thailand,Beverages,Online,L,1/6/2016,680193459,2/19/2016,3215,47.45,31.79,152551.75,102204.85,50346.9
Europe,Armenia,Cereal,Offline,H,10/28/2013,302985179,11/21/2013,8902,205.7,117.11,1831141.4,1042513.22,788628.18
Sub-Saharan Africa,Mauritius ,Beverages,Online,M,1/10/2010,288284528,2/9/2010,8653,47.45,31.79,410584.85,275078.87,135505.98
Europe,Poland,Cereal,Offline,H,12/18/2014,998640334,1/12/2015,8722,205.7,117.11,1794115.4,1021433.42,772681.98
Sub-Saharan Africa,Niger,Snacks,Offline,H,4/27/2017,616913926,6/3/2017,7395,152.58,97.44,1128329.1,720568.8,407760.3
Australia and Oceania,Nauru,Beverages,Online,H,8/23/2010,996279132,9/24/2010,9990,47.45,31.79,474025.5,317582.1,156443.4
Sub-Saharan Africa,Cote d'Ivoire,Vegetables,Offline,L,4/1/2012,910222280,5/12/2012,3855,154.06,90.93,593901.3,350535.15,243366.15
Europe,Netherlands,Household,Online,C,1/11/2014,102542197,2/9/2014,3370,668.27,502.54,2252069.9,1693559.8,558510.1
Europe,Belgium,Snacks,Online,L,7/1/2016,637350213,7/30/2016,4946,152.58,97.44,754660.68,481938.24,272722.44
Sub-Saharan Africa,Seychelles ,Cosmetics,Online,L,6/17/2017,149070155,6/26/2017,2026,437.2,263.33,885767.2,533506.58,352260.62
Central America and the Caribbean,Grenada,Office Supplies,Online,L,10/12/2015,392438352,10/15/2015,84,651.21,524.96,54701.64,44096.64,10605
Europe,Iceland,Snacks,Online,H,3/3/2015,492503631,4/3/2015,1624,152.58,97.44,247789.92,158242.56,89547.36
Australia and Oceania,Kiribati,Cereal,Online,M,11/2/2012,994627320,11/29/2012,1182,205.7,117.11,243137.4,138424.02,104713.38
Europe,Macedonia,Cereal,Online,M,11/7/2010,714483249,11/20/2010,326,205.7,117.11,67058.2,38177.86,28880.34
Sub-Saharan Africa,Sao Tome and Principe,Office Supplies,Offline,M,4/29/2012,788057744,5/25/2012,2654,651.21,524.96,1728311.34,1393243.84,335067.5
Central America and the Caribbean,Trinidad and Tobago,Snacks,Offline,L,2/5/2010,621649634,3/17/2010,8796,152.58,97.44,1342093.68,857082.24,485011.44
Asia,Vietnam,Snacks,Online,L,3/16/2013,141870248,4/25/2013,1414,152.58,97.44,215748.12,137780.16,77967.96
Asia,Cambodia,Beverages,Offline,M,10/27/2012,245643413,10/29/2012,199,47.45,31.79,9442.55,6326.21,3116.34
Sub-Saharan Africa,South Africa,Office Supplies,Offline,C,5/1/2016,550205457,5/19/2016,6876,651.21,524.96,4477719.96,3609624.96,868095
Sub-Saharan Africa,Cameroon,Snacks,Online,L,4/2/2013,743105208,4/13/2013,199,152.58,97.44,30363.42,19390.56,10972.86
Europe,Estonia,Fruits,Online,C,11/19/2016,132203996,12/13/2016,955,9.33,6.92,8910.15,6608.6,2301.55
Asia,Mongolia,Snacks,Offline,C,2/2/2015,795675647,3/9/2015,6960,152.58,97.44,1061956.8,678182.4,383774.4
Asia,Mongolia,Clothes,Offline,H,12/9/2011,832006490,1/13/2012,8064,109.28,35.84,881233.92,289013.76,592220.16
Sub-Saharan Africa,South Sudan,Cereal,Offline,C,5/8/2016,209995353,5/13/2016,1146,205.7,117.11,235732.2,134208.06,101524.14
Sub-Saharan Africa,Zambia,Meat,Offline,L,8/7/2015,318753564,9/15/2015,5118,421.89,364.69,2159233.02,1866483.42,292749.6
Asia,Bhutan,Cosmetics,Online,C,12/11/2016,817704951,12/28/2016,5921,437.2,263.33,2588661.2,1559176.93,1029484.27
Sub-Saharan Africa,South Sudan,Personal Care,Offline,H,7/31/2013,986585843,9/5/2013,1530,81.73,56.67,125046.9,86705.1,38341.8
Central America and the Caribbean,Saint Kitts and Nevis ,Clothes,Offline,C,2/9/2011,175445067,3/9/2011,6949,109.28,35.84,759386.72,249052.16,510334.56
Europe,Armenia,Baby Food,Online,L,3/16/2016,954643952,4/26/2016,9215,255.28,159.42,2352405.2,1469055.3,883349.9
Middle East and North Africa,Lebanon,Baby Food,Offline,M,2/8/2010,564856326,2/15/2010,2394,255.28,159.42,611140.32,381651.48,229488.84
Sub-Saharan Africa,Botswana,Fruits,Online,C,12/22/2012,367068517,1/19/2013,2586,9.33,6.92,24127.38,17895.12,6232.26
Europe,Hungary,Cereal,Online,H,12/17/2011,892579352,1/25/2012,2920,205.7,117.11,600644,341961.2,258682.8
Sub-Saharan Africa,Sao Tome and Principe,Clothes,Offline,C,6/5/2010,493000161,7/13/2010,8558,109.28,35.84,935218.24,306718.72,628499.52
Asia,Malaysia,Household,Offline,H,7/31/2016,290254771,8/14/2016,1692,668.27,502.54,1130712.84,850297.68,280415.16
Sub-Saharan Africa,South Africa,Clothes,Offline,C,12/26/2016,126579511,1/15/2017,6545,109.28,35.84,715237.6,234572.8,480664.8
Europe,Serbia,Vegetables,Offline,C,8/17/2010,814523208,9/30/2010,4373,154.06,90.93,673704.38,397636.89,276067.49
Asia,India,Cosmetics,Online,L,9/10/2012,986947190,10/19/2012,8461,437.2,263.33,3699149.2,2228035.13,1471114.07
Asia,China,Fruits,Offline,L,12/9/2012,247025287,1/24/2013,9127,9.33,6.92,85154.91,63158.84,21996.07
Sub-Saharan Africa,South Sudan,Meat,Offline,M,5/2/2017,518243825,5/21/2017,8719,421.89,364.69,3678458.91,3179732.11,498726.8
Europe,Ireland,Household,Offline,H,12/20/2013,194401633,12/21/2013,6618,668.27,502.54,4422610.86,3325809.72,1096801.14
Middle East and North Africa,Oman,Fruits,Offline,C,9/23/2014,889610040,11/12/2014,4235,9.33,6.92,39512.55,29306.2,10206.35
Europe,Romania,Cosmetics,Offline,L,8/15/2013,688292872,8/22/2013,11,437.2,263.33,4809.2,2896.63,1912.57
Asia,Philippines,Personal Care,Offline,H,4/21/2013,895186460,5/24/2013,4421,81.73,56.67,361328.33,250538.07,110790.26
Europe,Romania,Vegetables,Offline,H,9/14/2013,185339629,10/4/2013,4970,154.06,90.93,765678.2,451922.1,313756.1
Sub-Saharan Africa,Mozambique,Office Supplies,Online,M,10/25/2015,454113709,11/25/2015,1193,651.21,524.96,776893.53,626277.28,150616.25
Sub-Saharan Africa,Malawi,Office Supplies,Offline,H,5/4/2010,967182528,5/14/2010,9658,651.21,524.96,6289386.18,5070063.68,1219322.5
Australia and Oceania,Marshall Islands,Vegetables,Offline,L,10/5/2011,610532414,10/24/2011,8964,154.06,90.93,1380993.84,815096.52,565897.32
Middle East and North Africa,Algeria,Meat,Online,L,9/10/2016,140462195,9/17/2016,4740,421.89,364.69,1999758.6,1728630.6,271128
Middle East and North Africa,Tunisia ,Snacks,Online,M,4/1/2015,833583199,5/9/2015,4648,152.58,97.44,709191.84,452901.12,256290.72
Europe,Montenegro,Vegetables,Online,M,7/13/2017,436819255,7/22/2017,3379,154.06,90.93,520568.74,307252.47,213316.27
Sub-Saharan Africa,Mali,Beverages,Online,M,12/29/2011,817406690,2/4/2012,7659,47.45,31.79,363419.55,243479.61,119939.94
Sub-Saharan Africa,Rwanda,Meat,Offline,C,8/28/2014,312894332,9/18/2014,1241,421.89,364.69,523565.49,452580.29,70985.2
Sub-Saharan Africa,Zimbabwe,Personal Care,Online,H,4/26/2012,481143510,5/25/2012,9911,81.73,56.67,810026.03,561656.37,248369.66
Sub-Saharan Africa,Lesotho,Cosmetics,Online,M,10/8/2011,250328052,10/22/2011,6488,437.2,263.33,2836553.6,1708485.04,1128068.56
Asia,Taiwan,Meat,Online,C,4/17/2013,868934285,5/29/2013,5819,421.89,364.69,2454977.91,2122131.11,332846.8
Australia and Oceania,Marshall Islands,Office Supplies,Online,L,6/16/2014,955761039,7/5/2014,9785,651.21,524.96,6372089.85,5136733.6,1235356.25
Middle East and North Africa,Morocco,Cereal,Offline,M,11/19/2013,549919641,12/2/2013,2297,205.7,117.11,472492.9,269001.67,203491.23
Middle East and North Africa,Syria,Cereal,Online,C,1/22/2015,660833919,2/23/2015,4297,205.7,117.11,883892.9,503221.67,380671.23
Middle East and North Africa,Turkey,Office Supplies,Online,L,12/13/2014,118240201,1/26/2015,8758,651.21,524.96,5703297.18,4597599.68,1105697.5
Sub-Saharan Africa,Seychelles ,Personal Care,Online,H,5/20/2015,522187316,5/28/2015,5686,81.73,56.67,464716.78,322225.62,142491.16
Central America and the Caribbean,Antigua and Barbuda ,Office Supplies,Offline,H,9/1/2011,393036592,10/19/2011,7116,651.21,524.96,4634010.36,3735615.36,898395
Middle East and North Africa,Pakistan,Fruits,Offline,H,7/19/2011,121461856,8/8/2011,2117,9.33,6.92,19751.61,14649.64,5101.97
Central America and the Caribbean,Saint Lucia,Snacks,Offline,L,4/2/2016,618449437,5/22/2016,1787,152.58,97.44,272660.46,174125.28,98535.18
Asia,Bangladesh,Cosmetics,Online,M,9/21/2016,165298163,11/8/2016,4255,437.2,263.33,1860286,1120469.15,739816.85
Europe,Finland,Beverages,Online,M,7/12/2012,263619363,8/21/2012,9683,47.45,31.79,459458.35,307822.57,151635.78
Asia,Thailand,Baby Food,Online,H,9/2/2015,685336863,10/9/2015,5262,255.28,159.42,1343283.36,838868.04,504415.32
Sub-Saharan Africa,Cameroon,Beverages,Online,M,6/29/2016,822686994,7/16/2016,218,47.45,31.79,10344.1,6930.22,3413.88
Sub-Saharan Africa,Guinea,Vegetables,Online,M,3/13/2010,138218581,4/27/2010,805,154.06,90.93,124018.3,73198.65,50819.65
Australia and Oceania,Tuvalu,Household,Online,L,10/4/2015,414792954,11/20/2015,5308,668.27,502.54,3547177.16,2667482.32,879694.84
Europe,Greece,Meat,Offline,C,7/28/2011,805583941,9/7/2011,9045,421.89,364.69,3815995.05,3298621.05,517374
Sub-Saharan Africa,Liberia,Beverages,Online,L,12/18/2014,984077870,12/22/2014,9365,47.45,31.79,444369.25,297713.35,146655.9
Central America and the Caribbean,Costa Rica,Office Supplies,Offline,H,3/29/2010,694073569,4/4/2010,648,651.21,524.96,421984.08,340174.08,81810
Sub-Saharan Africa,Togo,Baby Food,Offline,H,1/26/2013,199682366,2/23/2013,9304,255.28,159.42,2375125.12,1483243.68,891881.44
Europe,Estonia,Beverages,Offline,M,9/8/2013,735328090,10/16/2013,8777,47.45,31.79,416468.65,279020.83,137447.82
Europe,Germany,Cereal,Online,C,12/12/2010,455747067,12/31/2010,4540,205.7,117.11,933878,531679.4,402198.6
Sub-Saharan Africa,Mozambique,Meat,Online,C,2/22/2016,285988128,4/4/2016,9097,421.89,364.69,3837933.33,3317584.93,520348.4
Europe,Russia,Cereal,Offline,L,5/3/2011,771412599,6/13/2011,6985,205.7,117.11,1436814.5,818013.35,618801.15
Europe,Poland,Personal Care,Offline,C,9/24/2013,727694308,11/1/2013,9772,81.73,56.67,798665.56,553779.24,244886.32
Sub-Saharan Africa,Madagascar,Personal Care,Online,M,4/24/2011,390819585,5/13/2011,1055,81.73,56.67,86225.15,59786.85,26438.3
Sub-Saharan Africa,Zimbabwe,Baby Food,Offline,M,1/18/2012,967087256,1/26/2012,1465,255.28,159.42,373985.2,233550.3,140434.9
Asia,Thailand,Cereal,Online,C,5/30/2017,583108651,7/12/2017,3663,205.7,117.11,753479.1,428973.93,324505.17
Asia,Thailand,Personal Care,Offline,H,12/31/2010,135807597,2/17/2011,7341,81.73,56.67,599979.93,416014.47,183965.46
Europe,Switzerland,Household,Online,H,5/7/2015,142420423,5/19/2015,4223,668.27,502.54,2822104.21,2122226.42,699877.79
Middle East and North Africa,Yemen,Beverages,Online,C,5/23/2012,290495955,6/5/2012,3064,47.45,31.79,145386.8,97404.56,47982.24
Middle East and North Africa,Turkey,Vegetables,Online,L,6/10/2015,787895524,7/22/2015,4649,154.06,90.93,716224.94,422733.57,293491.37
Sub-Saharan Africa,Gabon,Fruits,Offline,M,5/8/2012,112792956,6/2/2012,6797,9.33,6.92,63416.01,47035.24,16380.77
Sub-Saharan Africa,Zambia,Personal Care,Online,M,10/7/2014,863674581,10/13/2014,9356,81.73,56.67,764665.88,530204.52,234461.36
Europe,Albania,Personal Care,Online,H,6/19/2016,309339225,7/4/2016,9206,81.73,56.67,752406.38,521704.02,230702.36
Europe,Andorra,Baby Food,Online,M,4/16/2012,738898217,5/31/2012,5257,255.28,159.42,1342006.96,838070.94,503936.02
Sub-Saharan Africa,Ethiopia,Clothes,Online,L,1/28/2017,911775386,2/25/2017,3453,109.28,35.84,377343.84,123755.52,253588.32
Europe,Liechtenstein,Meat,Online,L,6/9/2016,107707059,6/18/2016,1767,421.89,364.69,745479.63,644407.23,101072.4
Europe,France,Cosmetics,Online,M,12/27/2015,376742064,1/17/2016,5204,437.2,263.33,2275188.8,1370369.32,904819.48
Central America and the Caribbean,Dominica,Fruits,Offline,C,10/27/2014,689241731,11/7/2014,799,9.33,6.92,7454.67,5529.08,1925.59
Europe,Sweden,Fruits,Offline,L,11/22/2016,985879886,12/6/2016,2621,9.33,6.92,24453.93,18137.32,6316.61
Europe,Italy,Household,Offline,M,1/29/2012,827642858,2/26/2012,6768,668.27,502.54,4522851.36,3401190.72,1121660.64
Sub-Saharan Africa,Togo,Baby Food,Online,L,3/30/2010,745829474,5/9/2010,6370,255.28,159.42,1626133.6,1015505.4,610628.2
Central America and the Caribbean,El Salvador,Vegetables,Offline,M,10/1/2014,892051064,11/18/2014,6588,154.06,90.93,1014947.28,599046.84,415900.44
Europe,Netherlands,Cereal,Online,C,2/3/2011,588231456,3/17/2011,9614,205.7,117.11,1977599.8,1125895.54,851704.26
Europe,Andorra,Vegetables,Online,L,2/13/2016,576606976,3/5/2016,9673,154.06,90.93,1490222.38,879565.89,610656.49
Europe,Czech Republic,Cosmetics,Online,C,9/2/2013,769726455,9/30/2013,8018,437.2,263.33,3505469.6,2111379.94,1394089.66
Sub-Saharan Africa,Republic of the Congo,Meat,Offline,L,5/15/2011,700451219,5/27/2011,7936,421.89,364.69,3348119.04,2894179.84,453939.2
Australia and Oceania,Palau,Office Supplies,Online,C,2/8/2014,871955096,2/26/2014,9745,651.21,524.96,6346041.45,5115735.2,1230306.25
Europe,Russia,Personal Care,Online,H,9/16/2012,507724416,11/3/2012,5792,81.73,56.67,473380.16,328232.64,145147.52
Asia,Japan,Baby Food,Offline,H,6/1/2010,701558005,7/15/2010,5459,255.28,159.42,1393573.52,870273.78,523299.74
Europe,Finland,Baby Food,Offline,C,7/15/2011,367567193,7/28/2011,155,255.28,159.42,39568.4,24710.1,14858.3
Europe,Russia,Meat,Online,H,1/31/2010,290175807,1/31/2010,8324,421.89,364.69,3511812.36,3035679.56,476132.8
Europe,Italy,Snacks,Online,H,4/12/2016,874120175,4/25/2016,440,152.58,97.44,67135.2,42873.6,24261.6
Europe,Montenegro,Personal Care,Offline,M,11/30/2014,794449126,1/15/2015,4006,81.73,56.67,327410.38,227020.02,100390.36
Sub-Saharan Africa,Tanzania,Baby Food,Offline,H,7/19/2014,146523988,7/27/2014,8559,255.28,159.42,2184941.52,1364475.78,820465.74
Europe,Iceland,Meat,Offline,M,6/16/2013,896018588,8/4/2013,667,421.89,364.69,281400.63,243248.23,38152.4
Europe,Macedonia,Cosmetics,Offline,L,12/24/2010,128919255,1/19/2011,8927,437.2,263.33,3902884.4,2350746.91,1552137.49
Australia and Oceania,Marshall Islands,Fruits,Online,C,4/23/2011,401524817,6/3/2011,8971,9.33,6.92,83699.43,62079.32,21620.11
Sub-Saharan Africa,Ghana,Household,Online,M,2/13/2012,290446603,2/17/2012,8459,668.27,502.54,5652895.93,4250985.86,1401910.07
Asia,Maldives,Personal Care,Online,C,12/12/2015,242608439,12/30/2015,2083,81.73,56.67,170243.59,118043.61,52199.98
Australia and Oceania,Solomon Islands,Clothes,Offline,M,3/30/2011,325246655,5/14/2011,6568,109.28,35.84,717751.04,235397.12,482353.92
Australia and Oceania,Nauru,Cosmetics,Offline,L,1/12/2014,675910079,2/19/2014,5667,437.2,263.33,2477612.4,1492291.11,985321.29
Europe,Greece,Vegetables,Online,L,2/9/2011,152460038,2/19/2011,5168,154.06,90.93,796182.08,469926.24,326255.84
Australia and Oceania,Tuvalu,Cereal,Online,M,11/2/2016,383070361,11/20/2016,7887,205.7,117.11,1622355.9,923646.57,698709.33
Europe,San Marino,Baby Food,Online,C,5/11/2016,816227376,6/7/2016,8674,255.28,159.42,2214298.72,1382809.08,831489.64
Sub-Saharan Africa,Sierra Leone,Meat,Offline,M,10/22/2014,970729911,12/4/2014,9407,421.89,364.69,3968719.23,3430638.83,538080.4
Asia,Singapore,Cereal,Offline,C,10/24/2010,885689294,11/27/2010,3999,205.7,117.11,822594.3,468322.89,354271.41
Europe,Ukraine,Cosmetics,Offline,H,6/5/2015,670529353,6/11/2015,3391,437.2,263.33,1482545.2,892952.03,589593.17
Europe,Bulgaria,Beverages,Offline,H,6/22/2010,954986417,7/23/2010,558,47.45,31.79,26477.1,17738.82,8738.28
Asia,Singapore,Household,Online,M,12/3/2012,639109313,12/18/2012,5503,668.27,502.54,3677489.81,2765477.62,912012.19
Europe,Kosovo,Vegetables,Online,H,7/9/2010,943259370,8/10/2010,264,154.06,90.93,40671.84,24005.52,16666.32
Asia,South Korea,Cereal,Online,H,12/31/2010,458110415,2/10/2011,3907,205.7,117.11,803669.9,457548.77,346121.13
Sub-Saharan Africa,Tanzania,Beverages,Online,L,8/5/2015,994648778,8/18/2015,7532,47.45,31.79,357393.4,239442.28,117951.12
Asia,Kyrgyzstan,Household,Offline,L,3/29/2015,834173285,4/11/2015,9267,668.27,502.54,6192858.09,4657038.18,1535819.91
Central America and the Caribbean,Honduras,Cereal,Offline,L,2/1/2017,578295266,2/14/2017,9275,205.7,117.11,1907867.5,1086195.25,821672.25
Asia,India,Baby Food,Online,M,6/2/2010,898938548,6/30/2010,4748,255.28,159.42,1212069.44,756926.16,455143.28
Central America and the Caribbean,Jamaica,Cereal,Offline,C,11/12/2015,288339459,12/15/2015,4908,205.7,117.11,1009575.6,574775.88,434799.72
Asia,Vietnam,Snacks,Offline,H,6/23/2013,909046828,8/5/2013,6012,152.58,97.44,917310.96,585809.28,331501.68
Middle East and North Africa,Libya,Household,Online,M,9/1/2014,943921983,10/7/2014,6346,668.27,502.54,4240841.42,3189118.84,1051722.58
Sub-Saharan Africa,Namibia,Fruits,Online,C,12/21/2012,446138751,1/17/2013,1225,9.33,6.92,11429.25,8477,2952.25
Australia and Oceania,Australia,Household,Online,C,7/29/2010,889183461,9/14/2010,8001,668.27,502.54,5346828.27,4020822.54,1326005.73
Sub-Saharan Africa,Ghana,Vegetables,Online,C,7/1/2014,216854941,7/14/2014,1051,154.06,90.93,161917.06,95567.43,66349.63
Central America and the Caribbean,The Bahamas,Vegetables,Offline,H,2/13/2010,493264520,2/19/2010,6788,154.06,90.93,1045759.28,617232.84,428526.44
Sub-Saharan Africa,South Africa,Snacks,Offline,L,5/21/2010,252836024,7/6/2010,8653,152.58,97.44,1320274.74,843148.32,477126.42
Middle East and North Africa,Iran,Snacks,Online,L,2/28/2014,350305783,3/13/2014,2121,152.58,97.44,323622.18,206670.24,116951.94
Europe,Czech Republic,Office Supplies,Offline,C,1/6/2010,810722625,2/6/2010,9696,651.21,524.96,6314132.16,5090012.16,1224120
Asia,Maldives,Cosmetics,Online,H,4/22/2010,379447877,5/25/2010,5914,437.2,263.33,2585600.8,1557333.62,1028267.18
Central America and the Caribbean,The Bahamas,Cosmetics,Offline,C,2/1/2017,572155368,3/14/2017,2343,437.2,263.33,1024359.6,616982.19,407377.41
Sub-Saharan Africa,Mali,Baby Food,Online,C,10/8/2010,724831426,11/17/2010,2581,255.28,159.42,658877.68,411463.02,247414.66
Middle East and North Africa,Somalia,Fruits,Offline,M,6/21/2014,243774878,6/26/2014,7259,9.33,6.92,67726.47,50232.28,17494.19
Middle East and North Africa,Egypt,Personal Care,Offline,M,7/8/2014,855597054,8/1/2014,9037,81.73,56.67,738594.01,512126.79,226467.22
Europe,Belarus,Office Supplies,Online,M,3/23/2017,757221782,4/13/2017,7607,651.21,524.96,4953754.47,3993370.72,960383.75
Middle East and North Africa,Morocco,Cosmetics,Offline,H,10/31/2014,465885388,12/5/2014,4694,437.2,263.33,2052216.8,1236071.02,816145.78
Sub-Saharan Africa,Uganda,Cosmetics,Online,H,1/3/2012,569136703,2/16/2012,9053,437.2,263.33,3957971.6,2383926.49,1574045.11
Middle East and North Africa,Somalia,Personal Care,Online,C,6/21/2014,374837052,7/28/2014,1468,81.73,56.67,119979.64,83191.56,36788.08
Europe,Slovakia,Clothes,Offline,M,1/31/2010,161160266,3/16/2010,9759,109.28,35.84,1066463.52,349762.56,716700.96
Sub-Saharan Africa,Malawi,Household,Online,C,7/1/2010,726592671,7/6/2010,3773,668.27,502.54,2521382.71,1896083.42,625299.29
Sub-Saharan Africa,Djibouti,Fruits,Offline,M,1/20/2017,239933097,1/23/2017,390,9.33,6.92,3638.7,2698.8,939.9
Sub-Saharan Africa,Central African Republic,Personal Care,Online,L,1/10/2017,990292870,2/9/2017,8522,81.73,56.67,696503.06,482941.74,213561.32
North America,United States of America,Meat,Online,L,2/8/2010,837095820,2/25/2010,4110,421.89,364.69,1733967.9,1498875.9,235092
Australia and Oceania,Tonga,Household,Offline,L,3/13/2012,860078275,3/23/2012,5129,668.27,502.54,3427556.83,2577527.66,850029.17
Asia,Tajikistan,Snacks,Online,H,10/6/2013,409289062,11/18/2013,6583,152.58,97.44,1004434.14,641447.52,362986.62
Australia and Oceania,Nauru,Household,Online,C,11/28/2013,255089509,12/8/2013,5509,668.27,502.54,3681499.43,2768492.86,913006.57
Sub-Saharan Africa,South Sudan,Clothes,Offline,M,7/31/2016,338153445,9/18/2016,5974,109.28,35.84,652838.72,214108.16,438730.56
Middle East and North Africa,Bahrain,Vegetables,Offline,H,8/27/2011,219467198,9/2/2011,4076,154.06,90.93,627948.56,370630.68,257317.88
Europe,Slovakia,Cereal,Offline,M,7/27/2016,430329596,8/14/2016,2945,205.7,117.11,605786.5,344888.95,260897.55
Europe,Lithuania,Cereal,Offline,M,12/22/2011,222351968,1/27/2012,7743,205.7,117.11,1592735.1,906782.73,685952.37
Sub-Saharan Africa,South Sudan,Clothes,Online,C,8/25/2013,717458140,10/11/2013,662,109.28,35.84,72343.36,23726.08,48617.28
Sub-Saharan Africa,Eritrea,Cereal,Offline,L,9/22/2015,857884442,9/23/2015,5925,205.7,117.11,1218772.5,693876.75,524895.75
Middle East and North Africa,Qatar,Fruits,Offline,H,3/10/2017,556179702,4/19/2017,4788,9.33,6.92,44672.04,33132.96,11539.08
Europe,Romania,Cosmetics,Online,H,7/7/2010,245205247,7/22/2010,536,437.2,263.33,234339.2,141144.88,93194.32
Australia and Oceania,Palau,Snacks,Online,L,9/30/2015,428134906,10/18/2015,3488,152.58,97.44,532199.04,339870.72,192328.32
Asia,Turkmenistan,Beverages,Online,H,2/17/2016,328455007,2/20/2016,5990,47.45,31.79,284225.5,190422.1,93803.4
Sub-Saharan Africa,The Gambia,Meat,Online,M,11/29/2014,139964377,12/13/2014,7424,421.89,364.69,3132111.36,2707458.56,424652.8
North America,Greenland,Beverages,Offline,L,5/23/2016,576774346,5/28/2016,9201,47.45,31.79,436587.45,292499.79,144087.66
North America,Greenland,Baby Food,Offline,H,8/4/2014,623308742,8/26/2014,9763,255.28,159.42,2492298.64,1556417.46,935881.18
Sub-Saharan Africa,Equatorial Guinea,Fruits,Offline,M,2/28/2012,684303891,3/20/2012,9583,9.33,6.92,89409.39,66314.36,23095.03
Europe,Serbia,Baby Food,Online,H,8/6/2016,334808623,9/24/2016,6167,255.28,159.42,1574311.76,983143.14,591168.62
Asia,China,Clothes,Offline,M,10/2/2013,570184266,10/16/2013,9050,109.28,35.84,988984,324352,664632
Asia,Bhutan,Clothes,Offline,H,1/18/2017,656104648,2/2/2017,4800,109.28,35.84,524544,172032,352512
Australia and Oceania,New Zealand,Cereal,Offline,L,9/4/2010,378556096,9/15/2010,2016,205.7,117.11,414691.2,236093.76,178597.44
Sub-Saharan Africa,Malawi,Cosmetics,Offline,L,12/19/2013,493837440,12/21/2013,6327,437.2,263.33,2766164.4,1666088.91,1100075.49
Europe,Estonia,Clothes,Online,L,1/12/2017,478560006,3/3/2017,5395,109.28,35.84,589565.6,193356.8,396208.8
Sub-Saharan Africa,Kenya,Cereal,Offline,L,11/1/2014,779647624,11/6/2014,3912,205.7,117.11,804698.4,458134.32,346564.08
Middle East and North Africa,Morocco,Snacks,Offline,C,12/20/2010,564336621,1/21/2011,8602,152.58,97.44,1312493.16,838178.88,474314.28
Asia,Tajikistan,Baby Food,Online,L,11/18/2013,870175826,12/20/2013,3219,255.28,159.42,821746.32,513172.98,308573.34
Sub-Saharan Africa,Sudan,Fruits,Online,M,5/17/2010,555026566,6/6/2010,3550,9.33,6.92,33121.5,24566,8555.5
Middle East and North Africa,Turkey,Fruits,Offline,C,10/23/2014,347062671,10/23/2014,2412,9.33,6.92,22503.96,16691.04,5812.92
Sub-Saharan Africa,Togo,Personal Care,Online,H,4/29/2012,594770467,6/9/2012,4653,81.73,56.67,380289.69,263685.51,116604.18
Sub-Saharan Africa,Senegal,Snacks,Offline,M,8/20/2015,816948783,10/5/2015,2154,152.58,97.44,328657.32,209885.76,118771.56
Asia,Kyrgyzstan,Vegetables,Online,C,10/15/2015,152708947,11/17/2015,8826,154.06,90.93,1359733.56,802548.18,557185.38
Sub-Saharan Africa,Rwanda,Personal Care,Online,C,4/7/2016,511474788,4/16/2016,5611,81.73,56.67,458587.03,317975.37,140611.66
Europe,Malta,Personal Care,Offline,L,1/16/2014,722982633,3/4/2014,5482,81.73,56.67,448043.86,310664.94,137378.92
Europe,Lithuania,Beverages,Online,C,12/9/2010,587281310,12/9/2010,8445,47.45,31.79,400715.25,268466.55,132248.7
Europe,Austria,Vegetables,Online,L,6/1/2017,424732148,7/17/2017,6536,154.06,90.93,1006936.16,594318.48,412617.68
Australia and Oceania,New Zealand,Cosmetics,Offline,L,12/3/2010,626008975,1/11/2011,8822,437.2,263.33,3856978.4,2323097.26,1533881.14
Middle East and North Africa,Kuwait,Cosmetics,Offline,H,5/29/2015,302098119,6/3/2015,6401,437.2,263.33,2798517.2,1685575.33,1112941.87
Middle East and North Africa,Iraq,Vegetables,Offline,H,3/26/2014,434298408,4/1/2014,7405,154.06,90.93,1140814.3,673336.65,467477.65
Australia and Oceania,New Zealand,Office Supplies,Offline,H,7/20/2014,724221169,8/4/2014,1993,651.21,524.96,1297861.53,1046245.28,251616.25
Australia and Oceania,Vanuatu,Fruits,Online,H,3/18/2013,943790233,5/4/2013,7358,9.33,6.92,68650.14,50917.36,17732.78
Central America and the Caribbean,Jamaica,Office Supplies,Offline,L,9/15/2015,485241925,10/12/2015,2724,651.21,524.96,1773896.04,1429991.04,343905
Central America and the Caribbean,Cuba,Meat,Offline,C,3/26/2017,611125075,4/14/2017,4345,421.89,364.69,1833112.05,1584578.05,248534
Europe,Slovakia,Snacks,Offline,M,1/19/2014,404301011,1/20/2014,508,152.58,97.44,77510.64,49499.52,28011.12
Europe,Greece,Cosmetics,Online,M,11/7/2014,817943561,12/19/2014,6531,437.2,263.33,2855353.2,1719808.23,1135544.97
Asia,Sri Lanka,Personal Care,Online,L,3/26/2014,625539052,4/12/2014,9761,81.73,56.67,797766.53,553155.87,244610.66
Asia,Cambodia,Office Supplies,Offline,L,8/28/2011,470886313,10/15/2011,4579,651.21,524.96,2981890.59,2403791.84,578098.75
Europe,Armenia,Snacks,Online,M,3/19/2015,618096673,3/30/2015,7396,152.58,97.44,1128481.68,720666.24,407815.44
Europe,Russia,Baby Food,Online,M,2/17/2015,501593959,3/19/2015,1654,255.28,159.42,422233.12,263680.68,158552.44
Asia,South Korea,Snacks,Online,M,4/11/2010,976114499,5/17/2010,2827,152.58,97.44,431343.66,275462.88,155880.78
Sub-Saharan Africa,Togo,Office Supplies,Online,H,12/9/2011,266707122,1/27/2012,3419,651.21,524.96,2226486.99,1794838.24,431648.75
Sub-Saharan Africa,Eritrea,Meat,Online,C,4/27/2017,718733155,4/29/2017,7967,421.89,364.69,3361197.63,2905485.23,455712.4
Sub-Saharan Africa,Cote d'Ivoire,Baby Food,Online,H,5/5/2013,247866427,5/26/2013,8039,255.28,159.42,2052195.92,1281577.38,770618.54
Sub-Saharan Africa,South Sudan,Meat,Online,L,9/13/2010,890093266,10/22/2010,7232,421.89,364.69,3051108.48,2637438.08,413670.4
Central America and the Caribbean,Jamaica,Clothes,Online,L,5/14/2017,251712501,6/14/2017,6177,109.28,35.84,675022.56,221383.68,453638.88
Europe,Albania,Fruits,Offline,H,2/5/2012,959335458,3/9/2012,7535,9.33,6.92,70301.55,52142.2,18159.35
Europe,Vatican City,Meat,Online,C,5/7/2016,309885966,5/29/2016,999,421.89,364.69,421468.11,364325.31,57142.8
Australia and Oceania,Samoa ,Clothes,Offline,H,10/17/2014,620600354,11/22/2014,8291,109.28,35.84,906040.48,297149.44,608891.04
Central America and the Caribbean,Guatemala,Personal Care,Offline,C,2/3/2012,679027450,2/4/2012,8167,81.73,56.67,667488.91,462823.89,204665.02
Europe,Austria,Cereal,Offline,M,12/21/2013,693028581,12/31/2013,1413,205.7,117.11,290654.1,165476.43,125177.67
Europe,Austria,Meat,Offline,M,11/13/2015,940777575,12/24/2015,5846,421.89,364.69,2466368.94,2131977.74,334391.2
Sub-Saharan Africa,The Gambia,Snacks,Online,C,4/10/2014,420760762,5/13/2014,1315,152.58,97.44,200642.7,128133.6,72509.1
Middle East and North Africa,Tunisia ,Cosmetics,Online,H,7/18/2010,901776969,8/6/2010,4699,437.2,263.33,2054402.8,1237387.67,817015.13
Middle East and North Africa,Jordan,Office Supplies,Offline,H,8/31/2014,172937524,10/13/2014,4911,651.21,524.96,3198092.31,2578078.56,620013.75
Europe,Luxembourg,Office Supplies,Online,H,3/9/2011,593666255,4/12/2011,7892,651.21,524.96,5139349.32,4142984.32,996365
Central America and the Caribbean,Panama,Beverages,Offline,C,1/2/2016,543699491,2/11/2016,1616,47.45,31.79,76679.2,51372.64,25306.56
Australia and Oceania,New Zealand,Clothes,Online,M,1/7/2012,273086059,2/18/2012,1088,109.28,35.84,118896.64,38993.92,79902.72
Europe,Italy,Vegetables,Online,C,6/20/2013,552187287,7/27/2013,3344,154.06,90.93,515176.64,304069.92,211106.72
Europe,Bosnia and Herzegovina,Vegetables,Offline,L,9/27/2016,421677005,10/8/2016,2451,154.06,90.93,377601.06,222869.43,154731.63
Asia,Bangladesh,Fruits,Online,M,9/14/2011,342541539,9/26/2011,4508,9.33,6.92,42059.64,31195.36,10864.28
Asia,Uzbekistan,Office Supplies,Offline,L,10/19/2015,846079719,11/14/2015,2645,651.21,524.96,1722450.45,1388519.2,333931.25
Europe,Andorra,Cereal,Offline,M,3/30/2017,283902871,4/1/2017,2023,205.7,117.11,416131.1,236913.53,179217.57
Europe,Iceland,Personal Care,Offline,H,9/4/2016,677934825,10/4/2016,4835,81.73,56.67,395164.55,273999.45,121165.1
Europe,Albania,Baby Food,Online,H,10/21/2015,970411908,10/30/2015,5303,255.28,159.42,1353749.84,845404.26,508345.58
Middle East and North Africa,Kuwait,Meat,Online,L,8/10/2013,173882949,9/9/2013,4683,421.89,364.69,1975710.87,1707843.27,267867.6
Europe,Andorra,Beverages,Offline,C,2/18/2010,521209275,4/5/2010,6262,47.45,31.79,297131.9,199068.98,98062.92
Asia,India,Vegetables,Online,L,4/15/2010,715564715,6/1/2010,356,154.06,90.93,54845.36,32371.08,22474.28
Sub-Saharan Africa,Sao Tome and Principe,Office Supplies,Offline,M,6/14/2012,880435597,7/22/2012,9313,651.21,524.96,6064718.73,4888952.48,1175766.25
North America,Mexico,Cosmetics,Online,C,4/21/2012,309620749,5/3/2012,2515,437.2,263.33,1099558,662274.95,437283.05
Sub-Saharan Africa,Liberia,Baby Food,Offline,M,2/24/2014,617231500,3/21/2014,1372,255.28,159.42,350244.16,218724.24,131519.92
Sub-Saharan Africa,Benin,Clothes,Offline,M,1/1/2012,787691676,1/22/2012,4326,109.28,35.84,472745.28,155043.84,317701.44
Middle East and North Africa,Afghanistan,Snacks,Online,C,1/31/2016,325737607,2/7/2016,1851,152.58,97.44,282425.58,180361.44,102064.14
Central America and the Caribbean,Cuba,Household,Online,H,3/8/2011,606418120,4/7/2011,1453,668.27,502.54,970996.31,730190.62,240805.69
Middle East and North Africa,Oman,Household,Offline,C,6/7/2013,825094544,7/26/2013,2666,668.27,502.54,1781607.82,1339771.64,441836.18
Sub-Saharan Africa,Chad,Cosmetics,Offline,C,7/17/2013,247440707,7/26/2013,2059,437.2,263.33,900194.8,542196.47,357998.33
Central America and the Caribbean,Barbados,Fruits,Online,H,11/4/2010,459442937,11/28/2010,8230,9.33,6.92,76785.9,56951.6,19834.3
Sub-Saharan Africa,Republic of the Congo,Fruits,Online,L,2/5/2017,417400062,3/19/2017,6809,9.33,6.92,63527.97,47118.28,16409.69
Australia and Oceania,Samoa ,Baby Food,Online,H,11/6/2014,497923409,11/29/2014,5457,255.28,159.42,1393062.96,869954.94,523108.02
North America,Mexico,Household,Offline,C,3/13/2014,247936809,4/2/2014,8866,668.27,502.54,5924881.82,4455519.64,1469362.18
Europe,Switzerland,Cereal,Offline,L,3/2/2011,634676587,4/18/2011,3761,205.7,117.11,773637.7,440450.71,333186.99
Europe,Georgia,Baby Food,Online,H,3/16/2014,895691573,3/20/2014,3896,255.28,159.42,994570.88,621100.32,373470.56
Europe,Portugal,Fruits,Online,L,2/11/2010,788843095,2/18/2010,5056,9.33,6.92,47172.48,34987.52,12184.96
Central America and the Caribbean,Dominica,Personal Care,Offline,C,4/3/2013,142304980,4/14/2013,61,81.73,56.67,4985.53,3456.87,1528.66
Europe,Italy,Office Supplies,Offline,C,5/4/2016,204563558,6/6/2016,3757,651.21,524.96,2446595.97,1972274.72,474321.25
Sub-Saharan Africa,Uganda,Vegetables,Online,C,12/7/2016,494417655,1/2/2017,8026,154.06,90.93,1236485.56,729804.18,506681.38
Asia,Mongolia,Clothes,Offline,C,8/30/2013,150978600,9/8/2013,6778,109.28,35.84,740699.84,242923.52,497776.32
Middle East and North Africa,Syria,Cereal,Offline,C,1/3/2010,183670222,2/13/2010,955,205.7,117.11,196443.5,111840.05,84603.45
Central America and the Caribbean,Grenada,Meat,Online,L,7/6/2010,322228848,8/15/2010,3532,421.89,364.69,1490115.48,1288085.08,202030.4
Sub-Saharan Africa,Guinea-Bissau,Vegetables,Online,L,12/31/2016,366703307,1/14/2017,4512,154.06,90.93,695118.72,410276.16,284842.56
Middle East and North Africa,Tunisia ,Personal Care,Online,M,3/19/2017,637454926,4/24/2017,5933,81.73,56.67,484904.09,336223.11,148680.98
Australia and Oceania,Australia,Office Supplies,Online,M,4/27/2011,625157535,5/12/2011,6862,651.21,524.96,4468603.02,3602275.52,866327.5
Central America and the Caribbean,Belize,Personal Care,Online,C,9/10/2015,340797460,10/6/2015,8396,81.73,56.67,686205.08,475801.32,210403.76
Europe,Greece,Fruits,Offline,C,9/12/2013,765673530,10/9/2013,8667,9.33,6.92,80863.11,59975.64,20887.47
Europe,Greece,Baby Food,Offline,H,6/25/2012,701397073,8/10/2012,7835,255.28,159.42,2000118.8,1249055.7,751063.1
Asia,China,Clothes,Online,H,6/23/2016,819891917,8/7/2016,3093,109.28,35.84,338003.04,110853.12,227149.92
Sub-Saharan Africa,Burundi,Beverages,Online,C,1/8/2016,513394391,2/26/2016,3664,47.45,31.79,173856.8,116478.56,57378.24
Asia,Mongolia,Vegetables,Online,H,11/20/2013,144453322,12/13/2013,5803,154.06,90.93,894010.18,527666.79,366343.39
Sub-Saharan Africa,Niger,Fruits,Offline,C,11/28/2013,595930039,1/14/2014,7796,9.33,6.92,72736.68,53948.32,18788.36
Australia and Oceania,New Zealand,Fruits,Online,C,3/14/2017,120998370,4/17/2017,4961,9.33,6.92,46286.13,34330.12,11956.01
Europe,Germany,Household,Offline,M,10/16/2010,193144643,11/1/2010,4647,668.27,502.54,3105450.69,2335303.38,770147.31
Europe,Denmark,Household,Offline,C,11/9/2016,556167685,11/18/2016,1232,668.27,502.54,823308.64,619129.28,204179.36
Asia,Laos,Meat,Online,C,3/16/2013,574178826,5/1/2013,1129,421.89,364.69,476313.81,411735.01,64578.8
Asia,Turkmenistan,Vegetables,Online,H,10/10/2012,581601893,11/23/2012,7780,154.06,90.93,1198586.8,707435.4,491151.4
Asia,Bangladesh,Baby Food,Online,L,6/9/2014,533173215,7/15/2014,6657,255.28,159.42,1699398.96,1061258.94,638140.02
North America,Canada,Household,Offline,C,5/1/2014,453941619,6/14/2014,267,668.27,502.54,178428.09,134178.18,44249.91
Europe,Romania,Cereal,Online,C,3/28/2017,889268434,3/28/2017,3146,205.7,117.11,647132.2,368428.06,278704.14
Australia and Oceania,Nauru,Cereal,Online,L,1/26/2010,654827487,2/25/2010,6860,205.7,117.11,1411102,803374.6,607727.4
Asia,Brunei,Fruits,Online,L,2/7/2011,886605107,2/23/2011,5008,9.33,6.92,46724.64,34655.36,12069.28
Asia,Malaysia,Meat,Offline,M,3/1/2013,990900123,4/4/2013,8221,421.89,364.69,3468357.69,2998116.49,470241.2
Europe,Montenegro,Cereal,Online,M,2/23/2010,894323861,3/15/2010,9159,205.7,117.11,1884006.3,1072610.49,811395.81
Sub-Saharan Africa,Mozambique,Household,Online,L,12/12/2015,593800151,12/13/2015,7515,668.27,502.54,5022049.05,3776588.1,1245460.95
Sub-Saharan Africa,Malawi,Personal Care,Online,L,3/24/2015,606565320,4/7/2015,5012,81.73,56.67,409630.76,284030.04,125600.72
Europe,Hungary,Fruits,Offline,H,8/25/2012,620168197,10/2/2012,406,9.33,6.92,3787.98,2809.52,978.46
Europe,Latvia,Clothes,Offline,H,12/12/2013,842470109,12/24/2013,4482,109.28,35.84,489792.96,160634.88,329158.08
Middle East and North Africa,Afghanistan,Office Supplies,Offline,C,7/19/2014,651644885,8/3/2014,5057,651.21,524.96,3293168.97,2654722.72,638446.25
Sub-Saharan Africa,Guinea-Bissau,Fruits,Online,H,12/14/2010,846178853,1/22/2011,1981,9.33,6.92,18482.73,13708.52,4774.21
Sub-Saharan Africa,Namibia,Fruits,Offline,H,1/30/2012,494870841,2/13/2012,2134,9.33,6.92,19910.22,14767.28,5142.94
Sub-Saharan Africa,Eritrea,Office Supplies,Offline,H,10/11/2012,986832177,11/14/2012,4426,651.21,524.96,2882255.46,2323472.96,558782.5
Europe,Estonia,Meat,Offline,L,9/25/2012,181486690,10/24/2012,4799,421.89,364.69,2024650.11,1750147.31,274502.8
Europe,Finland,Office Supplies,Online,M,9/17/2012,958570706,11/3/2012,1228,651.21,524.96,799685.88,644650.88,155035
Sub-Saharan Africa,Senegal,Clothes,Online,C,9/28/2010,868133056,10/17/2010,8718,109.28,35.84,952703.04,312453.12,640249.92
Sub-Saharan Africa,South Sudan,Cosmetics,Offline,M,7/3/2013,680535066,8/15/2013,4304,437.2,263.33,1881708.8,1133372.32,748336.48
Sub-Saharan Africa,Malawi,Cosmetics,Online,C,5/16/2017,336450564,5/18/2017,2054,437.2,263.33,898008.8,540879.82,357128.98
Sub-Saharan Africa,Togo,Fruits,Online,L,3/23/2012,296865880,5/9/2012,8066,9.33,6.92,75255.78,55816.72,19439.06
Sub-Saharan Africa,Sao Tome and Principe,Beverages,Online,C,7/2/2015,193079841,7/13/2015,5470,47.45,31.79,259551.5,173891.3,85660.2
Middle East and North Africa,Morocco,Fruits,Online,H,6/1/2015,176703774,7/18/2015,9428,9.33,6.92,87963.24,65241.76,22721.48
Australia and Oceania,Kiribati,Personal Care,Offline,L,8/10/2012,469661509,9/20/2012,2132,81.73,56.67,174248.36,120820.44,53427.92
Sub-Saharan Africa,Seychelles ,Cereal,Offline,C,5/10/2016,914189374,6/24/2016,7806,205.7,117.11,1605694.2,914160.66,691533.54
Middle East and North Africa,Qatar,Beverages,Offline,L,7/1/2010,522836196,8/19/2010,7704,47.45,31.79,365554.8,244910.16,120644.64
Middle East and North Africa,Algeria,Beverages,Offline,H,3/24/2010,628463304,3/28/2010,5112,47.45,31.79,242564.4,162510.48,80053.92
Middle East and North Africa,Algeria,Cereal,Online,C,11/14/2012,834244525,11/17/2012,349,205.7,117.11,71789.3,40871.39,30917.91
Central America and the Caribbean,Panama,Cosmetics,Online,C,10/26/2016,363666188,10/26/2016,5761,437.2,263.33,2518709.2,1517044.13,1001665.07
Europe,Kosovo,Cereal,Online,L,3/4/2010,310527122,4/12/2010,731,205.7,117.11,150366.7,85607.41,64759.29
Asia,Singapore,Vegetables,Offline,L,5/18/2012,488938653,6/10/2012,6668,154.06,90.93,1027272.08,606321.24,420950.84
Sub-Saharan Africa,Seychelles ,Household,Offline,C,6/16/2017,783324611,8/4/2017,2014,668.27,502.54,1345895.78,1012115.56,333780.22
Central America and the Caribbean,Jamaica,Personal Care,Offline,C,11/28/2012,698421323,12/20/2012,7245,81.73,56.67,592133.85,410574.15,181559.7
Sub-Saharan Africa,Eritrea,Meat,Offline,M,10/23/2013,709277617,12/2/2013,9864,421.89,364.69,4161522.96,3597302.16,564220.8
Europe,San Marino,Clothes,Online,L,8/2/2013,911254823,8/12/2013,9407,109.28,35.84,1027996.96,337146.88,690850.08
Europe,Portugal,Clothes,Offline,H,7/4/2010,570026767,8/5/2010,2442,109.28,35.84,266861.76,87521.28,179340.48
Middle East and North Africa,Qatar,Personal Care,Online,C,6/26/2011,371579778,7/11/2011,7568,81.73,56.67,618532.64,428878.56,189654.08
Sub-Saharan Africa,Cape Verde,Meat,Online,C,2/18/2013,172212684,2/26/2013,415,421.89,364.69,175084.35,151346.35,23738
Sub-Saharan Africa,Botswana,Office Supplies,Online,C,2/19/2013,348536813,3/16/2013,8643,651.21,524.96,5628408.03,4537229.28,1091178.75
Europe,Hungary,Meat,Online,M,1/11/2014,447475993,1/25/2014,6945,421.89,364.69,2930026.05,2532772.05,397254
Sub-Saharan Africa,Sierra Leone,Meat,Offline,L,11/1/2011,536266553,12/11/2011,2045,421.89,364.69,862765.05,745791.05,116974
Central America and the Caribbean,Saint Vincent and the Grenadines,Fruits,Online,C,1/1/2015,752457320,1/5/2015,7697,9.33,6.92,71813.01,53263.24,18549.77
Asia,Philippines,Personal Care,Online,C,4/29/2010,853909623,5/22/2010,9688,81.73,56.67,791800.24,549018.96,242781.28
Australia and Oceania,Samoa ,Cereal,Online,C,3/4/2012,668797290,3/4/2012,835,205.7,117.11,171759.5,97786.85,73972.65
Australia and Oceania,Kiribati,Office Supplies,Offline,L,4/2/2013,545606648,4/4/2013,5987,651.21,524.96,3898794.27,3142935.52,755858.75
Asia,Cambodia,Baby Food,Online,M,2/18/2011,903136527,3/24/2011,7023,255.28,159.42,1792831.44,1119606.66,673224.78
Middle East and North Africa,Bahrain,Vegetables,Online,M,1/5/2012,880498254,1/19/2012,7855,154.06,90.93,1210141.3,714255.15,495886.15
Sub-Saharan Africa,Central African Republic,Snacks,Offline,M,10/18/2011,587115657,10/18/2011,9425,152.58,97.44,1438066.5,918372,519694.5
Sub-Saharan Africa,Rwanda,Personal Care,Offline,C,1/11/2015,652725064,1/22/2015,4706,81.73,56.67,384621.38,266689.02,117932.36
Middle East and North Africa,Lebanon,Baby Food,Online,C,12/18/2015,877375304,12/23/2015,3705,255.28,159.42,945812.4,590651.1,355161.3
Europe,Albania,Baby Food,Online,L,6/26/2017,681427705,7/1/2017,8456,255.28,159.42,2158647.68,1348055.52,810592.16
Australia and Oceania,Marshall Islands,Snacks,Offline,M,3/9/2012,455556094,3/29/2012,8027,152.58,97.44,1224759.66,782150.88,442608.78
Asia,Bangladesh,Fruits,Online,C,6/13/2016,210746800,7/7/2016,3516,9.33,6.92,32804.28,24330.72,8473.56
Central America and the Caribbean,Guatemala,Vegetables,Offline,C,8/20/2013,928298652,9/16/2013,3055,154.06,90.93,470653.3,277791.15,192862.15
Sub-Saharan Africa,Namibia,Clothes,Offline,M,11/22/2010,509822976,11/26/2010,6803,109.28,35.84,743431.84,243819.52,499612.32
Asia,Taiwan,Vegetables,Online,M,8/23/2012,527243602,9/11/2012,1953,154.06,90.93,300879.18,177586.29,123292.89
Sub-Saharan Africa,Mali,Household,Online,H,10/22/2016,372796857,12/10/2016,7729,668.27,502.54,5165058.83,3884131.66,1280927.17
Central America and the Caribbean,Saint Kitts and Nevis ,Vegetables,Offline,C,1/6/2011,409031569,1/11/2011,386,154.06,90.93,59467.16,35098.98,24368.18
Middle East and North Africa,Somalia,Snacks,Offline,L,3/28/2014,618809068,4/16/2014,8209,152.58,97.44,1252529.22,799884.96,452644.26
Central America and the Caribbean,Honduras,Personal Care,Online,C,6/13/2012,155303180,6/18/2012,6517,81.73,56.67,532634.41,369318.39,163316.02
Sub-Saharan Africa,Burkina Faso,Beverages,Online,L,5/25/2015,492000234,7/7/2015,2657,47.45,31.79,126074.65,84466.03,41608.62
Sub-Saharan Africa,Comoros,Cosmetics,Online,M,12/18/2014,472699058,2/6/2015,1010,437.2,263.33,441572,265963.3,175608.7
Sub-Saharan Africa,Zimbabwe,Office Supplies,Online,L,9/3/2011,361510980,9/10/2011,7987,651.21,524.96,5201214.27,4192855.52,1008358.75
Sub-Saharan Africa,Senegal,Snacks,Offline,M,11/23/2010,492859828,12/28/2010,7030,152.58,97.44,1072637.4,685003.2,387634.2
Asia,Bhutan,Office Supplies,Online,M,7/2/2011,821481931,7/16/2011,3613,651.21,524.96,2352821.73,1896680.48,456141.25
Middle East and North Africa,Pakistan,Cereal,Online,C,3/13/2017,472426116,3/30/2017,241,205.7,117.11,49573.7,28223.51,21350.19
Middle East and North Africa,Turkey,Clothes,Online,M,1/20/2010,891053712,2/16/2010,1449,109.28,35.84,158346.72,51932.16,106414.56
Middle East and North Africa,Somalia,Fruits,Offline,L,11/5/2014,893038547,11/22/2014,8806,9.33,6.92,82159.98,60937.52,21222.46
Middle East and North Africa,Morocco,Fruits,Online,H,12/25/2011,714366948,1/15/2012,5910,9.33,6.92,55140.3,40897.2,14243.1
Central America and the Caribbean,Dominica,Vegetables,Online,H,1/3/2017,661337745,1/18/2017,3390,154.06,90.93,522263.4,308252.7,214010.7
Sub-Saharan Africa,Botswana,Cereal,Online,C,3/31/2016,660562264,5/6/2016,3908,205.7,117.11,803875.6,457665.88,346209.72
Middle East and North Africa,Iraq,Cereal,Online,L,1/7/2016,708964335,1/15/2016,7156,205.7,117.11,1471989.2,838039.16,633950.04
Sub-Saharan Africa,Cape Verde,Personal Care,Online,H,2/19/2016,423780286,3/12/2016,4859,81.73,56.67,397126.07,275359.53,121766.54
Middle East and North Africa,Kuwait,Cereal,Online,M,9/7/2013,392558944,9/9/2013,5770,205.7,117.11,1186889,675724.7,511164.3
Central America and the Caribbean,Belize,Household,Offline,H,5/25/2014,823161637,7/6/2014,676,668.27,502.54,451750.52,339717.04,112033.48
Asia,Malaysia,Personal Care,Online,C,9/13/2013,193762195,10/1/2013,7394,81.73,56.67,604311.62,419017.98,185293.64
Sub-Saharan Africa,Senegal,Snacks,Online,L,9/4/2015,202846944,9/27/2015,5773,152.58,97.44,880844.34,562521.12,318323.22
Europe,Russia,Personal Care,Online,L,2/2/2014,819214713,3/11/2014,2693,81.73,56.67,220098.89,152612.31,67486.58
Europe,Georgia,Personal Care,Online,H,5/13/2011,731976830,5/15/2011,7065,81.73,56.67,577422.45,400373.55,177048.9
Europe,Czech Republic,Snacks,Offline,L,10/4/2014,500557124,10/6/2014,4831,152.58,97.44,737113.98,470732.64,266381.34
Asia,Sri Lanka,Cereal,Online,M,6/18/2017,304691922,7/20/2017,3966,205.7,117.11,815806.2,464458.26,351347.94
Sub-Saharan Africa,Mauritania,Baby Food,Offline,L,7/7/2017,394430053,7/31/2017,9473,255.28,159.42,2418267.44,1510185.66,908081.78
Europe,Monaco,Cosmetics,Offline,H,1/4/2014,640132844,1/30/2014,8389,437.2,263.33,3667670.8,2209075.37,1458595.43
Europe,Georgia,Cosmetics,Online,L,11/28/2010,982474124,12/19/2010,4781,437.2,263.33,2090253.2,1258980.73,831272.47
Sub-Saharan Africa,Seychelles ,Meat,Online,M,3/22/2013,982440221,3/30/2013,4748,421.89,364.69,2003133.72,1731548.12,271585.6
Central America and the Caribbean,Nicaragua,Personal Care,Online,L,9/4/2015,271329963,9/29/2015,1420,81.73,56.67,116056.6,80471.4,35585.2
Middle East and North Africa,Libya,Personal Care,Online,C,1/22/2014,800754678,2/10/2014,9959,81.73,56.67,813949.07,564376.53,249572.54
Central America and the Caribbean,The Bahamas,Snacks,Online,L,8/1/2016,992638194,8/31/2016,2555,152.58,97.44,389841.9,248959.2,140882.7
Europe,Ukraine,Office Supplies,Offline,C,5/19/2017,689216840,5/28/2017,3434,651.21,524.96,2236255.14,1802712.64,433542.5
Europe,Cyprus,Meat,Offline,C,6/9/2015,703039443,7/24/2015,3849,421.89,364.69,1623854.61,1403691.81,220162.8
Asia,Nepal,Baby Food,Online,M,10/18/2010,566967332,11/28/2010,7088,255.28,159.42,1809424.64,1129968.96,679455.68
Europe,Finland,Baby Food,Online,L,12/6/2015,784174335,1/14/2016,3467,255.28,159.42,885055.76,552709.14,332346.62
Europe,Serbia,Baby Food,Offline,L,2/2/2014,578146779,3/16/2014,5334,255.28,159.42,1361663.52,850346.28,511317.24
Europe,Belgium,Cereal,Online,C,2/1/2016,142683494,3/16/2016,2071,205.7,117.11,426004.7,242534.81,183469.89
Europe,Slovakia,Snacks,Online,H,1/31/2011,191895806,3/22/2011,5088,152.58,97.44,776327.04,495774.72,280552.32
Asia,Taiwan,Snacks,Online,L,10/24/2015,610207545,10/27/2015,2828,152.58,97.44,431496.24,275560.32,155935.92
Middle East and North Africa,Azerbaijan,Meat,Offline,H,3/17/2010,902355039,3/31/2010,5763,421.89,364.69,2431352.07,2101708.47,329643.6
Australia and Oceania,Papua New Guinea,Meat,Offline,H,11/30/2016,643387115,12/27/2016,1400,421.89,364.69,590646,510566,80080
Sub-Saharan Africa,Madagascar,Cereal,Online,L,3/19/2014,828665101,3/19/2014,9273,205.7,117.11,1907456.1,1085961.03,821495.07
Europe,Armenia,Personal Care,Online,C,7/9/2015,723862826,8/11/2015,5951,81.73,56.67,486375.23,337243.17,149132.06
Australia and Oceania,New Zealand,Cosmetics,Offline,C,8/6/2012,114966619,9/10/2012,32,437.2,263.33,13990.4,8426.56,5563.84
Sub-Saharan Africa,Equatorial Guinea,Baby Food,Offline,M,3/19/2017,658275306,3/23/2017,7146,255.28,159.42,1824230.88,1139215.32,685015.56
Europe,Monaco,Cereal,Online,H,11/25/2011,930400216,11/29/2011,4954,205.7,117.11,1019037.8,580162.94,438874.86
Middle East and North Africa,Turkey,Meat,Online,H,5/4/2014,478265178,6/8/2014,8149,421.89,364.69,3437981.61,2971858.81,466122.8
Europe,Armenia,Cereal,Offline,H,12/23/2012,269106519,1/2/2013,3454,205.7,117.11,710487.8,404497.94,305989.86
Asia,Brunei,Household,Online,C,4/9/2016,440473067,5/12/2016,4624,668.27,502.54,3090080.48,2323744.96,766335.52
Sub-Saharan Africa,Malawi,Baby Food,Offline,L,1/4/2011,750226151,1/21/2011,7445,255.28,159.42,1900559.6,1186881.9,713677.7
Europe,Moldova ,Snacks,Online,M,7/25/2011,126539599,8/11/2011,4734,152.58,97.44,722313.72,461280.96,261032.76
North America,United States of America,Personal Care,Online,C,8/22/2010,717899739,8/22/2010,1341,81.73,56.67,109599.93,75994.47,33605.46
Middle East and North Africa,Jordan,Beverages,Offline,M,5/18/2013,243105399,6/8/2013,9145,47.45,31.79,433930.25,290719.55,143210.7
Europe,Bulgaria,Cereal,Offline,M,10/31/2010,541267907,12/18/2010,2057,205.7,117.11,423124.9,240895.27,182229.63
Middle East and North Africa,Pakistan,Household,Offline,C,1/20/2014,821811091,2/27/2014,1019,668.27,502.54,680967.13,512088.26,168878.87
Middle East and North Africa,Afghanistan,Snacks,Online,M,6/11/2012,814471280,6/21/2012,9006,152.58,97.44,1374135.48,877544.64,496590.84
Sub-Saharan Africa,Cape Verde,Clothes,Offline,M,5/26/2015,319297301,6/20/2015,6022,109.28,35.84,658084.16,215828.48,442255.68
Europe,Germany,Personal Care,Online,C,8/28/2010,556650483,8/30/2010,4103,81.73,56.67,335338.19,232517.01,102821.18
Asia,Indonesia,Office Supplies,Offline,C,7/13/2013,117204654,7/16/2013,2316,651.21,524.96,1508202.36,1215807.36,292395
Europe,Slovenia,Cereal,Offline,M,2/9/2010,811946141,2/9/2010,1761,205.7,117.11,362237.7,206230.71,156006.99
Sub-Saharan Africa,Zimbabwe,Personal Care,Offline,M,1/17/2014,922173774,1/21/2014,567,81.73,56.67,46340.91,32131.89,14209.02
Europe,Georgia,Household,Offline,L,5/6/2017,149498879,6/16/2017,8895,668.27,502.54,5944261.65,4470093.3,1474168.35
Middle East and North Africa,Yemen,Cosmetics,Offline,C,11/8/2016,965845286,12/1/2016,3938,437.2,263.33,1721693.6,1036993.54,684700.06
Australia and Oceania,Tuvalu,Meat,Online,C,7/1/2010,963449323,7/28/2010,4919,421.89,364.69,2075276.91,1793910.11,281366.8
Middle East and North Africa,Yemen,Personal Care,Online,L,3/10/2016,504859817,3/26/2016,8094,81.73,56.67,661522.62,458686.98,202835.64
Sub-Saharan Africa,Comoros,Personal Care,Offline,L,1/16/2015,472938096,2/5/2015,1747,81.73,56.67,142782.31,99002.49,43779.82
Europe,Estonia,Cereal,Online,H,9/29/2015,920857989,10/3/2015,1197,205.7,117.11,246222.9,140180.67,106042.23
Asia,North Korea,Office Supplies,Offline,H,11/25/2012,622105824,1/12/2013,3793,651.21,524.96,2470039.53,1991173.28,478866.25
Middle East and North Africa,Algeria,Snacks,Online,H,7/16/2013,220480430,8/3/2013,3914,152.58,97.44,597198.12,381380.16,215817.96
Sub-Saharan Africa,Mozambique,Meat,Online,C,8/12/2010,880093133,9/29/2010,7971,421.89,364.69,3362885.19,2906943.99,455941.2
Central America and the Caribbean,Saint Lucia,Personal Care,Offline,C,1/22/2017,235367763,1/26/2017,9406,81.73,56.67,768752.38,533038.02,235714.36
Asia,Maldives,Beverages,Offline,H,8/9/2016,941040647,8/30/2016,3694,47.45,31.79,175280.3,117432.26,57848.04
Australia and Oceania,Solomon Islands,Clothes,Offline,H,12/18/2012,322160613,1/6/2013,3339,109.28,35.84,364885.92,119669.76,245216.16
Asia,Sri Lanka,Household,Offline,H,12/1/2010,724088990,1/2/2011,2878,668.27,502.54,1923281.06,1446310.12,476970.94
Central America and the Caribbean,El Salvador,Household,Online,C,7/9/2012,962499606,8/10/2012,3877,668.27,502.54,2590882.79,1948347.58,642535.21
Europe,Russia,Vegetables,Offline,C,5/1/2013,373378789,5/6/2013,9936,154.06,90.93,1530740.16,903480.48,627259.68
Middle East and North Africa,Azerbaijan,Office Supplies,Online,M,10/1/2013,163025367,10/26/2013,1684,651.21,524.96,1096637.64,884032.64,212605
Australia and Oceania,Palau,Vegetables,Online,L,3/31/2015,258050668,4/30/2015,1782,154.06,90.93,274534.92,162037.26,112497.66
Central America and the Caribbean,El Salvador,Household,Online,H,7/24/2016,655378520,9/6/2016,9923,668.27,502.54,6631243.21,4986704.42,1644538.79
Central America and the Caribbean,Saint Lucia,Snacks,Offline,M,7/7/2017,972245252,7/13/2017,7830,152.58,97.44,1194701.4,762955.2,431746.2
Asia,Myanmar,Cereal,Online,H,3/11/2015,896199691,4/26/2015,4259,205.7,117.11,876076.3,498771.49,377304.81
Sub-Saharan Africa,Mali,Household,Offline,L,4/26/2015,635103166,6/15/2015,9995,668.27,502.54,6679358.65,5022887.3,1656471.35
Asia,South Korea,Snacks,Online,C,4/30/2013,467129504,6/18/2013,2856,152.58,97.44,435768.48,278288.64,157479.84
Asia,Bangladesh,Personal Care,Online,L,4/19/2013,290765035,5/24/2013,2690,81.73,56.67,219853.7,152442.3,67411.4
Middle East and North Africa,Iraq,Baby Food,Offline,H,7/28/2016,974808585,9/3/2016,6378,255.28,159.42,1628175.84,1016780.76,611395.08
Asia,India,Beverages,Online,L,6/3/2010,308371484,7/23/2010,2830,47.45,31.79,134283.5,89965.7,44317.8
Europe,Ireland,Vegetables,Online,H,4/3/2017,650877559,4/7/2017,7988,154.06,90.93,1230631.28,726348.84,504282.44
Australia and Oceania,Federated States of Micronesia,Beverages,Offline,L,2/12/2015,382063138,3/30/2015,9828,47.45,31.79,466338.6,312432.12,153906.48
Sub-Saharan Africa,Niger,Office Supplies,Online,L,3/9/2017,651977050,3/17/2017,3352,651.21,524.96,2182855.92,1759665.92,423190
Asia,North Korea,Vegetables,Online,H,12/29/2014,430980622,2/4/2015,5598,154.06,90.93,862427.88,509026.14,353401.74
Australia and Oceania,Samoa ,Office Supplies,Online,L,6/27/2012,559747684,7/15/2012,633,651.21,524.96,412215.93,332299.68,79916.25
Sub-Saharan Africa,Swaziland,Beverages,Online,M,9/9/2014,599264562,10/28/2014,4556,47.45,31.79,216182.2,144835.24,71346.96
Europe,Romania,Office Supplies,Offline,C,4/28/2016,180830085,5/14/2016,495,651.21,524.96,322348.95,259855.2,62493.75
Middle East and North Africa,Yemen,Cereal,Offline,C,3/5/2013,356055581,3/25/2013,3614,205.7,117.11,743399.8,423235.54,320164.26
Middle East and North Africa,Syria,Fruits,Offline,C,6/17/2013,446864879,8/4/2013,6103,9.33,6.92,56940.99,42232.76,14708.23
Middle East and North Africa,Saudi Arabia,Beverages,Online,H,4/23/2011,295494306,4/24/2011,2186,47.45,31.79,103725.7,69492.94,34232.76
Europe,San Marino,Vegetables,Online,M,4/10/2013,714492690,4/30/2013,3119,154.06,90.93,480513.14,283610.67,196902.47
Asia,Nepal,Office Supplies,Online,H,11/1/2011,336721360,11/7/2011,2188,651.21,524.96,1424847.48,1148612.48,276235
Central America and the Caribbean,El Salvador,Cereal,Online,L,11/22/2011,565354144,11/23/2011,9710,205.7,117.11,1997347,1137138.1,860208.9
Europe,Kosovo,Cereal,Offline,C,10/31/2011,623877370,11/10/2011,8033,205.7,117.11,1652388.1,940744.63,711643.47
Europe,Albania,Office Supplies,Online,M,11/25/2014,706089866,12/21/2014,6537,651.21,524.96,4256959.77,3431663.52,825296.25
Australia and Oceania,East Timor,Meat,Online,C,4/5/2010,626102960,4/8/2010,6634,421.89,364.69,2798818.26,2419353.46,379464.8
Europe,Monaco,Cereal,Online,C,8/22/2014,268340480,9/28/2014,6766,205.7,117.11,1391766.2,792366.26,599399.94
Sub-Saharan Africa,The Gambia,Household,Online,L,7/21/2015,937538754,8/25/2015,7406,668.27,502.54,4949207.62,3721811.24,1227396.38
Middle East and North Africa,Turkey,Clothes,Online,H,12/1/2012,408746612,1/13/2013,6060,109.28,35.84,662236.8,217190.4,445046.4
Middle East and North Africa,Iraq,Personal Care,Offline,C,4/24/2015,577325379,5/13/2015,2264,81.73,56.67,185036.72,128300.88,56735.84
Middle East and North Africa,Egypt,Personal Care,Online,L,6/6/2013,708948886,6/18/2013,2585,81.73,56.67,211272.05,146491.95,64780.1
Sub-Saharan Africa,Ethiopia,Snacks,Online,H,3/9/2014,589603459,4/10/2014,5621,152.58,97.44,857652.18,547710.24,309941.94
Sub-Saharan Africa,Rwanda,Household,Offline,M,3/12/2014,975587928,4/9/2014,7002,668.27,502.54,4679226.54,3518785.08,1160441.46
Middle East and North Africa,United Arab Emirates,Beverages,Offline,L,2/19/2011,443513619,3/3/2011,4391,47.45,31.79,208352.95,139589.89,68763.06
Middle East and North Africa,Libya,Household,Offline,H,2/13/2015,340304362,3/20/2015,2478,668.27,502.54,1655973.06,1245294.12,410678.94
Sub-Saharan Africa,Guinea,Snacks,Online,C,8/6/2014,733196485,8/16/2014,7988,152.58,97.44,1218809.04,778350.72,440458.32
Europe,Moldova ,Vegetables,Online,H,6/10/2010,859738814,7/20/2010,4675,154.06,90.93,720230.5,425097.75,295132.75
Central America and the Caribbean,Belize,Household,Offline,L,3/2/2012,477792680,4/11/2012,8326,668.27,502.54,5564016.02,4184148.04,1379867.98
Australia and Oceania,Federated States of Micronesia,Household,Online,H,6/6/2011,315531909,6/18/2011,1759,668.27,502.54,1175486.93,883967.86,291519.07
Middle East and North Africa,Oman,Beverages,Online,M,1/27/2016,721442830,2/22/2016,9820,47.45,31.79,465959,312177.8,153781.2
Europe,Moldova ,Beverages,Online,C,2/5/2016,314324271,3/11/2016,4392,47.45,31.79,208400.4,139621.68,68778.72
Europe,Ukraine,Cereal,Offline,M,2/16/2010,933287560,2/24/2010,9384,205.7,117.11,1930288.8,1098960.24,831328.56
Sub-Saharan Africa,Mali,Snacks,Offline,C,10/15/2016,887756526,10/18/2016,5739,152.58,97.44,875656.62,559208.16,316448.46
Europe,Switzerland,Fruits,Offline,H,5/2/2010,807467496,6/10/2010,6431,9.33,6.92,60001.23,44502.52,15498.71
Middle East and North Africa,Syria,Clothes,Offline,H,4/22/2015,492469298,5/15/2015,1464,109.28,35.84,159985.92,52469.76,107516.16
Europe,Sweden,Office Supplies,Offline,L,11/16/2011,263123261,12/14/2011,2875,651.21,524.96,1872228.75,1509260,362968.75
Middle East and North Africa,Iraq,Cosmetics,Offline,M,5/8/2015,510103213,5/22/2015,9731,437.2,263.33,4254393.2,2562464.23,1691928.97
Asia,North Korea,Cereal,Offline,C,10/26/2011,344395482,10/30/2011,3131,205.7,117.11,644046.7,366671.41,277375.29
Europe,Armenia,Cereal,Online,H,12/7/2014,747298896,12/17/2014,1205,205.7,117.11,247868.5,141117.55,106750.95
Australia and Oceania,Federated States of Micronesia,Clothes,Online,L,9/12/2016,520424783,9/17/2016,4113,109.28,35.84,449468.64,147409.92,302058.72
Europe,Serbia,Cereal,Offline,L,12/20/2013,335696971,12/24/2013,9048,205.7,117.11,1861173.6,1059611.28,801562.32
Middle East and North Africa,Somalia,Personal Care,Online,C,3/26/2012,485351788,4/28/2012,5235,81.73,56.67,427856.55,296667.45,131189.1
Australia and Oceania,Nauru,Beverages,Online,C,4/6/2014,431938064,4/11/2014,8926,47.45,31.79,423538.7,283757.54,139781.16
Middle East and North Africa,Somalia,Meat,Offline,H,4/26/2016,158317124,6/15/2016,8410,421.89,364.69,3548094.9,3067042.9,481052
Asia,Tajikistan,Snacks,Online,C,12/10/2011,617662799,1/10/2012,9003,152.58,97.44,1373677.74,877252.32,496425.42
Europe,Slovenia,Cereal,Offline,H,11/17/2010,583461415,12/18/2010,8053,205.7,117.11,1656502.1,943086.83,713415.27
Central America and the Caribbean,Trinidad and Tobago,Household,Offline,M,8/4/2012,699511802,8/19/2012,9942,668.27,502.54,6643940.34,4996252.68,1647687.66
Sub-Saharan Africa,Madagascar,Clothes,Online,H,1/9/2010,329925286,1/25/2010,1079,109.28,35.84,117913.12,38671.36,79241.76
Europe,Slovenia,Office Supplies,Offline,L,2/16/2016,709125697,2/18/2016,4907,651.21,524.96,3195487.47,2575978.72,619508.75
Middle East and North Africa,Libya,Household,Online,M,8/13/2014,891849362,8/19/2014,6900,668.27,502.54,4611063,3467526,1143537
Sub-Saharan Africa,Malawi,Meat,Online,L,10/11/2016,903145110,11/29/2016,9563,421.89,364.69,4034534.07,3487530.47,547003.6
Asia,China,Clothes,Online,H,4/2/2012,388374269,4/16/2012,7431,109.28,35.84,812059.68,266327.04,545732.64
Asia,Bhutan,Fruits,Offline,M,9/2/2010,863210666,9/27/2010,2073,9.33,6.92,19341.09,14345.16,4995.93
Sub-Saharan Africa,Liberia,Household,Offline,C,2/27/2015,763640630,3/15/2015,7087,668.27,502.54,4736029.49,3561500.98,1174528.51
Sub-Saharan Africa,Liberia,Household,Online,C,12/20/2010,395962989,1/2/2011,3102,668.27,502.54,2072973.54,1558879.08,514094.46
Europe,Cyprus,Clothes,Online,C,9/19/2014,586789071,9/20/2014,2781,109.28,35.84,303907.68,99671.04,204236.64
Asia,Maldives,Meat,Offline,C,1/3/2010,433042705,1/10/2010,5814,421.89,364.69,2452868.46,2120307.66,332560.8
Central America and the Caribbean,Trinidad and Tobago,Cosmetics,Online,L,10/18/2011,451960217,11/7/2011,3927,437.2,263.33,1716884.4,1034096.91,682787.49
Asia,Japan,Vegetables,Offline,H,3/3/2017,331090438,3/19/2017,5873,154.06,90.93,904794.38,534031.89,370762.49
Asia,Philippines,Beverages,Online,H,9/17/2016,278294694,10/23/2016,2439,47.45,31.79,115730.55,77535.81,38194.74
Asia,Singapore,Vegetables,Offline,M,6/6/2013,571746814,6/14/2013,1443,154.06,90.93,222308.58,131211.99,91096.59
Middle East and North Africa,Libya,Personal Care,Online,L,5/25/2011,209933125,6/19/2011,2732,81.73,56.67,223286.36,154822.44,68463.92
Australia and Oceania,Federated States of Micronesia,Household,Offline,H,12/15/2011,961652457,12/30/2011,3187,668.27,502.54,2129776.49,1601594.98,528181.51
Sub-Saharan Africa,Guinea,Meat,Offline,M,7/11/2017,616016137,8/5/2017,1719,421.89,364.69,725228.91,626902.11,98326.8
Europe,Slovenia,Baby Food,Online,L,8/26/2012,632447993,9/29/2012,4270,255.28,159.42,1090045.6,680723.4,409322.2
Sub-Saharan Africa,Rwanda,Beverages,Offline,H,3/30/2013,290684354,5/7/2013,8815,47.45,31.79,418271.75,280228.85,138042.9
Australia and Oceania,Australia,Baby Food,Offline,H,5/1/2017,740774047,5/21/2017,357,255.28,159.42,91134.96,56912.94,34222.02
Sub-Saharan Africa,Djibouti,Clothes,Offline,M,6/12/2016,953078401,7/9/2016,5933,109.28,35.84,648358.24,212638.72,435719.52
Central America and the Caribbean,Trinidad and Tobago,Clothes,Online,H,7/17/2014,868271243,8/29/2014,9611,109.28,35.84,1050290.08,344458.24,705831.84
Australia and Oceania,Samoa ,Meat,Online,C,8/19/2016,947338902,9/5/2016,7488,421.89,364.69,3159112.32,2730798.72,428313.6
Europe,Hungary,Meat,Offline,H,6/12/2017,821580207,7/18/2017,2695,421.89,364.69,1136993.55,982839.55,154154
Europe,Kosovo,Clothes,Online,M,10/7/2012,642606484,11/25/2012,394,109.28,35.84,43056.32,14120.96,28935.36
Australia and Oceania,Tuvalu,Snacks,Online,M,10/23/2010,632341563,12/6/2010,2775,152.58,97.44,423409.5,270396,153013.5
Asia,Brunei,Personal Care,Online,C,4/12/2013,633021771,5/3/2013,4064,81.73,56.67,332150.72,230306.88,101843.84
Sub-Saharan Africa,Cape Verde,Vegetables,Online,H,8/2/2011,557195937,8/24/2011,5515,154.06,90.93,849640.9,501478.95,348161.95
Middle East and North Africa,Algeria,Beverages,Offline,H,5/7/2013,837725389,6/26/2013,413,47.45,31.79,19596.85,13129.27,6467.58
Sub-Saharan Africa,Zambia,Vegetables,Online,C,11/24/2015,177783954,1/6/2016,9077,154.06,90.93,1398402.62,825371.61,573031.01
Europe,Germany,Vegetables,Offline,M,1/17/2010,500857961,1/24/2010,3856,154.06,90.93,594055.36,350626.08,243429.28
Europe,Bosnia and Herzegovina,Snacks,Offline,H,3/10/2014,200746238,4/16/2014,4128,152.58,97.44,629850.24,402232.32,227617.92
Europe,Monaco,Vegetables,Offline,C,6/25/2017,891560113,7/31/2017,1305,154.06,90.93,201048.3,118663.65,82384.65
Sub-Saharan Africa,Mauritania,Personal Care,Offline,H,12/11/2013,657723414,1/29/2014,3829,81.73,56.67,312944.17,216989.43,95954.74
Europe,Malta,Baby Food,Online,M,10/18/2013,803972470,11/21/2013,2175,255.28,159.42,555234,346738.5,208495.5
Central America and the Caribbean,Guatemala,Cosmetics,Offline,M,12/20/2016,905356109,1/26/2017,3846,437.2,263.33,1681471.2,1012767.18,668704.02
Central America and the Caribbean,Nicaragua,Fruits,Offline,L,11/19/2016,157235658,12/5/2016,8380,9.33,6.92,78185.4,57989.6,20195.8
Asia,Taiwan,Clothes,Offline,C,10/25/2011,525284945,11/13/2011,2343,109.28,35.84,256043.04,83973.12,172069.92
Central America and the Caribbean,Grenada,Clothes,Offline,C,3/30/2016,895490300,4/6/2016,4334,109.28,35.84,473619.52,155330.56,318288.96
Asia,Brunei,Meat,Online,L,8/25/2011,224150550,9/24/2011,9984,421.89,364.69,4212149.76,3641064.96,571084.8
Middle East and North Africa,Afghanistan,Beverages,Offline,M,11/5/2010,687877023,12/23/2010,6952,47.45,31.79,329872.4,221004.08,108868.32
Middle East and North Africa,Oman,Cereal,Offline,M,5/16/2016,933593547,5/28/2016,9932,205.7,117.11,2043012.4,1163136.52,879875.88
Europe,Croatia,Snacks,Online,C,9/7/2016,128536450,10/14/2016,5647,152.58,97.44,861619.26,550243.68,311375.58
Sub-Saharan Africa,Zimbabwe,Cereal,Offline,C,8/28/2012,210254561,9/21/2012,7852,205.7,117.11,1615156.4,919547.72,695608.68
Europe,Latvia,Meat,Online,H,10/19/2013,936609208,11/28/2013,2333,421.89,364.69,984269.37,850821.77,133447.6
Europe,Vatican City,Clothes,Online,M,10/7/2011,335774219,11/12/2011,1908,109.28,35.84,208506.24,68382.72,140123.52
Australia and Oceania,New Zealand,Meat,Online,M,5/29/2014,556235921,6/28/2014,1425,421.89,364.69,601193.25,519683.25,81510
Sub-Saharan Africa,Djibouti,Cosmetics,Offline,M,9/19/2011,216793143,10/17/2011,2764,437.2,263.33,1208420.8,727844.12,480576.68
Sub-Saharan Africa,Lesotho,Fruits,Online,C,6/20/2017,256557214,8/8/2017,9836,9.33,6.92,91769.88,68065.12,23704.76
Europe,Norway,Cereal,Offline,M,6/3/2012,784951961,7/20/2012,3583,205.7,117.11,737023.1,419605.13,317417.97
Australia and Oceania,Marshall Islands,Beverages,Offline,M,4/9/2016,631713712,5/24/2016,6980,47.45,31.79,331201,221894.2,109306.8
Sub-Saharan Africa,Seychelles ,Baby Food,Online,H,9/9/2015,496891295,10/28/2015,31,255.28,159.42,7913.68,4942.02,2971.66
Sub-Saharan Africa,Republic of the Congo,Vegetables,Offline,L,7/25/2013,700846040,8/26/2013,4772,154.06,90.93,735174.32,433917.96,301256.36
Europe,Kosovo,Cosmetics,Offline,M,1/24/2010,734251773,1/27/2010,271,437.2,263.33,118481.2,71362.43,47118.77
Sub-Saharan Africa,Botswana,Fruits,Offline,C,12/29/2013,608094823,2/5/2014,7626,9.33,6.92,71150.58,52771.92,18378.66
Sub-Saharan Africa,Republic of the Congo,Household,Online,H,4/16/2016,403674018,5/30/2016,4967,668.27,502.54,3319297.09,2496116.18,823180.91
Central America and the Caribbean,El Salvador,Cereal,Offline,L,7/11/2016,722600686,8/29/2016,2456,205.7,117.11,505199.2,287622.16,217577.04
Sub-Saharan Africa,Ghana,Vegetables,Online,C,7/22/2011,436798655,8/5/2011,7284,154.06,90.93,1122173.04,662334.12,459838.92
Central America and the Caribbean,Antigua and Barbuda ,Beverages,Online,H,6/11/2014,738504254,6/28/2014,8675,47.45,31.79,411628.75,275778.25,135850.5
Sub-Saharan Africa,Chad,Meat,Online,M,10/23/2012,190266311,11/14/2012,2884,421.89,364.69,1216730.76,1051765.96,164964.8
Sub-Saharan Africa,Niger,Personal Care,Online,L,7/1/2010,574946153,7/7/2010,8198,81.73,56.67,670022.54,464580.66,205441.88
Australia and Oceania,Palau,Household,Offline,L,3/8/2016,145717608,4/14/2016,9933,668.27,502.54,6637925.91,4991729.82,1646196.09
Australia and Oceania,Vanuatu,Beverages,Online,H,11/26/2016,376067006,1/7/2017,5439,47.45,31.79,258080.55,172905.81,85174.74
Middle East and North Africa,Pakistan,Clothes,Offline,C,2/12/2012,109793174,3/23/2012,9095,109.28,35.84,993901.6,325964.8,667936.8
Sub-Saharan Africa,Niger,Cosmetics,Offline,H,6/26/2017,511007440,7/8/2017,7312,437.2,263.33,3196806.4,1925468.96,1271337.44
Europe,Liechtenstein,Meat,Offline,L,8/31/2015,114133632,9/28/2015,3533,421.89,364.69,1490537.37,1288449.77,202087.6
Europe,Liechtenstein,Personal Care,Offline,C,2/4/2013,673908078,2/23/2013,3231,81.73,56.67,264069.63,183100.77,80968.86
Sub-Saharan Africa,Burundi,Meat,Online,L,6/29/2013,415379607,7/5/2013,8911,421.89,364.69,3759461.79,3249752.59,509709.2
Australia and Oceania,Vanuatu,Baby Food,Online,M,1/23/2014,783909547,2/17/2014,5110,255.28,159.42,1304480.8,814636.2,489844.6
Europe,Slovakia,Cereal,Online,H,11/12/2016,595171725,12/28/2016,3394,205.7,117.11,698145.8,397471.34,300674.46
Middle East and North Africa,Iraq,Cosmetics,Online,H,6/15/2017,985152471,6/21/2017,7363,437.2,263.33,3219103.6,1938898.79,1280204.81
Europe,Slovenia,Cereal,Offline,C,3/25/2016,460150611,4/23/2016,7646,205.7,117.11,1572782.2,895423.06,677359.14
Sub-Saharan Africa,Equatorial Guinea,Vegetables,Online,H,8/31/2014,746777474,9/1/2014,6905,154.06,90.93,1063784.3,627871.65,435912.65
Central America and the Caribbean,Jamaica,Meat,Offline,C,7/2/2011,941956889,8/21/2011,4831,421.89,364.69,2038150.59,1761817.39,276333.2
Sub-Saharan Africa,Djibouti,Clothes,Offline,M,2/14/2014,662925183,2/25/2014,3148,109.28,35.84,344013.44,112824.32,231189.12
Asia,South Korea,Household,Offline,M,1/19/2012,497231185,2/3/2012,612,668.27,502.54,408981.24,307554.48,101426.76
Europe,Portugal,Vegetables,Offline,H,1/3/2011,652736222,2/22/2011,8008,154.06,90.93,1233712.48,728167.44,505545.04
Middle East and North Africa,Oman,Baby Food,Offline,H,1/2/2014,507614123,2/17/2014,3154,255.28,159.42,805153.12,502810.68,302342.44
Europe,Russia,Household,Offline,H,7/15/2017,860351216,8/27/2017,5899,668.27,502.54,3942124.73,2964483.46,977641.27
Sub-Saharan Africa,Kenya,Meat,Online,M,5/21/2015,779746329,6/13/2015,3121,421.89,364.69,1316718.69,1138197.49,178521.2
Central America and the Caribbean,Belize,Fruits,Online,L,7/13/2017,754910790,8/10/2017,3734,9.33,6.92,34838.22,25839.28,8998.94
Sub-Saharan Africa,Botswana,Beverages,Offline,L,2/5/2016,445268428,3/18/2016,3678,47.45,31.79,174521.1,116923.62,57597.48
Sub-Saharan Africa,Malawi,Cosmetics,Offline,C,11/4/2011,930555570,11/11/2011,927,437.2,263.33,405284.4,244106.91,161177.49
Asia,Laos,Clothes,Online,C,5/18/2010,660821044,5/27/2010,487,109.28,35.84,53219.36,17454.08,35765.28
Europe,Russia,Fruits,Online,H,10/20/2010,406426179,12/4/2010,9393,9.33,6.92,87636.69,64999.56,22637.13
Europe,Latvia,Vegetables,Offline,L,1/25/2017,108044803,3/13/2017,1713,154.06,90.93,263904.78,155763.09,108141.69
Asia,Thailand,Vegetables,Offline,M,6/23/2011,226663243,7/7/2011,3545,154.06,90.93,546142.7,322346.85,223795.85
Europe,Denmark,Household,Offline,C,6/20/2011,393580329,7/24/2011,8020,668.27,502.54,5359525.4,4030370.8,1329154.6
Central America and the Caribbean,Costa Rica,Household,Offline,H,10/30/2012,760407388,11/4/2012,299,668.27,502.54,199812.73,150259.46,49553.27
Sub-Saharan Africa,Malawi,Personal Care,Offline,M,3/16/2016,649068248,4/2/2016,2573,81.73,56.67,210291.29,145811.91,64479.38
Sub-Saharan Africa,Senegal,Meat,Online,C,9/22/2015,801799237,10/12/2015,9067,421.89,364.69,3825276.63,3306644.23,518632.4
Australia and Oceania,Samoa ,Meat,Offline,M,5/15/2010,231149184,5/18/2010,1035,421.89,364.69,436656.15,377454.15,59202
Europe,Andorra,Household,Online,L,5/3/2015,269979417,5/23/2015,1764,668.27,502.54,1178828.28,886480.56,292347.72
Europe,Armenia,Snacks,Offline,M,10/20/2012,521463763,11/1/2012,1570,152.58,97.44,239550.6,152980.8,86569.8
Europe,Kosovo,Snacks,Online,M,4/22/2016,209088551,5/25/2016,2804,152.58,97.44,427834.32,273221.76,154612.56
Europe,Liechtenstein,Meat,Offline,M,12/12/2013,426652610,1/7/2014,4843,421.89,364.69,2043213.27,1766193.67,277019.6
Australia and Oceania,Vanuatu,Vegetables,Online,M,1/12/2010,988267266,2/27/2010,9100,154.06,90.93,1401946,827463,574483
Middle East and North Africa,Turkey,Fruits,Offline,H,9/20/2013,878356349,10/29/2013,4018,9.33,6.92,37487.94,27804.56,9683.38
Middle East and North Africa,Afghanistan,Meat,Offline,L,7/6/2012,501656186,7/17/2012,68,421.89,364.69,28688.52,24798.92,3889.6
Asia,China,Clothes,Online,C,12/2/2013,333215606,12/10/2013,4757,109.28,35.84,519844.96,170490.88,349354.08
Asia,Uzbekistan,Cereal,Online,L,5/11/2011,468395936,6/21/2011,7621,205.7,117.11,1567639.7,892495.31,675144.39
Asia,Thailand,Cosmetics,Online,M,9/3/2010,172871005,9/7/2010,5227,437.2,263.33,2285244.4,1376425.91,908818.49
Europe,United Kingdom,Snacks,Online,C,3/17/2011,132627141,3/28/2011,6173,152.58,97.44,941876.34,601497.12,340379.22
Middle East and North Africa,Somalia,Meat,Online,H,2/22/2017,203963172,3/3/2017,6090,421.89,364.69,2569310.1,2220962.1,348348
Asia,Philippines,Cereal,Offline,M,1/11/2011,763490426,1/23/2011,2638,205.7,117.11,542636.6,308936.18,233700.42
Europe,Belarus,Household,Offline,H,7/13/2010,458132731,7/31/2010,511,668.27,502.54,341485.97,256797.94,84688.03
Australia and Oceania,Australia,Baby Food,Offline,H,9/5/2011,255126416,10/18/2011,6431,255.28,159.42,1641705.68,1025230.02,616475.66
Europe,Portugal,Cereal,Offline,C,5/7/2015,292020308,6/14/2015,4153,205.7,117.11,854272.1,486357.83,367914.27
Europe,Austria,Meat,Online,L,11/27/2015,326675736,12/14/2015,9465,421.89,364.69,3993188.85,3451790.85,541398
Middle East and North Africa,Egypt,Cereal,Online,L,7/29/2012,187266528,9/4/2012,5182,205.7,117.11,1065937.4,606864.02,459073.38
Sub-Saharan Africa,Gabon,Fruits,Online,M,3/19/2013,222279012,3/31/2013,6154,9.33,6.92,57416.82,42585.68,14831.14
Asia,Nepal,Personal Care,Online,M,5/20/2015,850512015,7/9/2015,4260,81.73,56.67,348169.8,241414.2,106755.6
Asia,Tajikistan,Personal Care,Online,L,2/19/2010,311076867,3/6/2010,3413,81.73,56.67,278944.49,193414.71,85529.78
Middle East and North Africa,Azerbaijan,Personal Care,Online,C,2/7/2016,513397395,2/25/2016,4553,81.73,56.67,372116.69,258018.51,114098.18
Europe,Moldova ,Household,Online,C,2/9/2015,287209928,3/9/2015,655,668.27,502.54,437716.85,329163.7,108553.15
North America,Mexico,Vegetables,Offline,M,7/17/2016,332563292,7/19/2016,1723,154.06,90.93,265445.38,156672.39,108772.99
Australia and Oceania,Tuvalu,Meat,Online,C,9/24/2015,969818818,10/7/2015,9795,421.89,364.69,4132412.55,3572138.55,560274
Sub-Saharan Africa,Benin,Vegetables,Online,C,10/29/2012,789650332,11/19/2012,3936,154.06,90.93,606380.16,357900.48,248479.68
Europe,Georgia,Household,Offline,M,8/24/2016,703044164,10/11/2016,5246,668.27,502.54,3505744.42,2636324.84,869419.58
Middle East and North Africa,Morocco,Meat,Offline,M,7/20/2010,791299140,7/26/2010,1855,421.89,364.69,782605.95,676499.95,106106
Europe,Croatia,Personal Care,Online,H,10/29/2016,756026589,11/18/2016,3923,81.73,56.67,320626.79,222316.41,98310.38
Asia,Singapore,Household,Online,M,3/10/2017,369150340,3/12/2017,8644,668.27,502.54,5776525.88,4343955.76,1432570.12
Australia and Oceania,East Timor,Vegetables,Offline,C,2/15/2017,822906720,3/17/2017,5240,154.06,90.93,807274.4,476473.2,330801.2
Europe,Ukraine,Vegetables,Offline,H,11/1/2011,679844558,11/18/2011,9967,154.06,90.93,1535516.02,906299.31,629216.71
Europe,Slovakia,Beverages,Online,L,9/20/2012,822825181,11/1/2012,1111,47.45,31.79,52716.95,35318.69,17398.26
Sub-Saharan Africa,South Africa,Clothes,Online,C,4/29/2013,405022418,5/19/2013,3989,109.28,35.84,435917.92,142965.76,292952.16
Central America and the Caribbean,The Bahamas,Baby Food,Offline,L,10/30/2015,899922597,11/30/2015,5950,255.28,159.42,1518916,948549,570367
Sub-Saharan Africa,Sao Tome and Principe,Baby Food,Offline,L,2/11/2012,251324546,3/25/2012,1373,255.28,159.42,350499.44,218883.66,131615.78
Australia and Oceania,Fiji,Snacks,Offline,H,4/9/2010,523339593,5/16/2010,6670,152.58,97.44,1017708.6,649924.8,367783.8
Europe,Iceland,Clothes,Offline,H,9/5/2015,250391566,10/7/2015,5284,109.28,35.84,577435.52,189378.56,388056.96
Central America and the Caribbean,Trinidad and Tobago,Clothes,Online,L,1/19/2012,287216794,1/29/2012,2687,109.28,35.84,293635.36,96302.08,197333.28
Central America and the Caribbean,Nicaragua,Household,Offline,C,9/5/2010,658864104,10/18/2010,1385,668.27,502.54,925553.95,696017.9,229536.05
Asia,Japan,Meat,Online,H,5/5/2016,110694825,5/18/2016,5914,421.89,364.69,2495057.46,2156776.66,338280.8
Asia,India,Baby Food,Online,H,12/17/2015,158382785,2/1/2016,7840,255.28,159.42,2001395.2,1249852.8,751542.4
Central America and the Caribbean,Jamaica,Snacks,Online,C,8/26/2012,137914311,9/19/2012,764,152.58,97.44,116571.12,74444.16,42126.96
Middle East and North Africa,Tunisia ,Clothes,Online,H,5/24/2014,355588233,6/16/2014,5315,109.28,35.84,580823.2,190489.6,390333.6
Middle East and North Africa,Oman,Cosmetics,Offline,C,1/31/2015,738015878,3/1/2015,4153,437.2,263.33,1815691.6,1093609.49,722082.11
Middle East and North Africa,Qatar,Household,Online,H,6/18/2013,382121074,7/7/2013,6972,668.27,502.54,4659178.44,3503708.88,1155469.56
Sub-Saharan Africa,South Africa,Meat,Online,M,12/3/2016,705140149,1/3/2017,5495,421.89,364.69,2318285.55,2003971.55,314314
Asia,Turkmenistan,Fruits,Offline,H,12/22/2014,494621932,2/2/2015,8476,9.33,6.92,79081.08,58653.92,20427.16
Sub-Saharan Africa,Sudan,Beverages,Offline,L,5/8/2013,858427751,6/20/2013,6702,47.45,31.79,318009.9,213056.58,104953.32
Europe,Kosovo,Beverages,Online,H,1/20/2015,274731433,1/30/2015,7991,47.45,31.79,379172.95,254033.89,125139.06
Sub-Saharan Africa,Malawi,Baby Food,Offline,C,7/31/2016,442019307,9/8/2016,2190,255.28,159.42,559063.2,349129.8,209933.4
Sub-Saharan Africa,Botswana,Meat,Online,H,9/18/2011,429090201,9/25/2011,6181,421.89,364.69,2607702.09,2254148.89,353553.2
Europe,Monaco,Cosmetics,Online,C,6/8/2010,725055444,6/18/2010,8873,437.2,263.33,3879275.6,2336527.09,1542748.51
Sub-Saharan Africa,Zambia,Baby Food,Online,C,6/10/2012,989338862,7/8/2012,6210,255.28,159.42,1585288.8,989998.2,595290.6
Sub-Saharan Africa,Mozambique,Personal Care,Offline,H,12/1/2010,501676785,12/6/2010,6164,81.73,56.67,503783.72,349313.88,154469.84
Europe,Andorra,Clothes,Online,C,6/21/2011,412118041,7/19/2011,3741,109.28,35.84,408816.48,134077.44,274739.04
Europe,Andorra,Cereal,Offline,H,3/15/2013,591023957,4/24/2013,5978,205.7,117.11,1229674.6,700083.58,529591.02
Middle East and North Africa,Lebanon,Cereal,Online,L,6/29/2012,979068362,7/27/2012,6940,205.7,117.11,1427558,812743.4,614814.6
Europe,Finland,Vegetables,Offline,M,5/13/2014,237237584,6/21/2014,2728,154.06,90.93,420275.68,248057.04,172218.64
Europe,Germany,Cosmetics,Offline,C,7/15/2013,696830451,7/25/2013,6470,437.2,263.33,2828684,1703745.1,1124938.9
Sub-Saharan Africa,Mauritius ,Clothes,Online,H,5/14/2013,709458291,6/24/2013,3329,109.28,35.84,363793.12,119311.36,244481.76
Sub-Saharan Africa,Botswana,Personal Care,Offline,M,7/3/2014,497044932,7/22/2014,5496,81.73,56.67,449188.08,311458.32,137729.76
Sub-Saharan Africa,The Gambia,Meat,Online,H,1/26/2011,801826703,3/14/2011,7195,421.89,364.69,3035498.55,2623944.55,411554
Europe,Croatia,Beverages,Offline,L,3/14/2017,636352431,3/26/2017,9680,47.45,31.79,459316,307727.2,151588.8
Europe,Romania,Meat,Offline,H,3/23/2010,433483445,4/12/2010,6239,421.89,364.69,2632171.71,2275300.91,356870.8
Sub-Saharan Africa,Democratic Republic of the Congo,Meat,Offline,H,3/8/2010,696393573,3/17/2010,7188,421.89,364.69,3032545.32,2621391.72,411153.6
Europe,Slovakia,Office Supplies,Online,M,6/21/2015,648569142,7/27/2015,4877,651.21,524.96,3175951.17,2560229.92,615721.25
Central America and the Caribbean,Barbados,Fruits,Online,L,3/8/2014,483808982,4/20/2014,8684,9.33,6.92,81021.72,60093.28,20928.44
Central America and the Caribbean,Nicaragua,Personal Care,Offline,H,8/18/2010,916224420,9/22/2010,21,81.73,56.67,1716.33,1190.07,526.26
Sub-Saharan Africa,Ghana,Cereal,Online,H,12/19/2013,930239284,12/25/2013,7331,205.7,117.11,1507986.7,858533.41,649453.29
Australia and Oceania,Fiji,Fruits,Offline,H,9/15/2011,930589902,10/1/2011,1087,9.33,6.92,10141.71,7522.04,2619.67
Europe,Spain,Meat,Offline,L,5/6/2011,492325103,5/14/2011,8793,421.89,364.69,3709678.77,3206719.17,502959.6
Sub-Saharan Africa,Chad,Cosmetics,Offline,C,11/16/2013,610806214,12/30/2013,9987,437.2,263.33,4366316.4,2629876.71,1736439.69
Middle East and North Africa,Kuwait,Household,Offline,H,1/2/2010,551707065,1/20/2010,1235,668.27,502.54,825313.45,620636.9,204676.55
Europe,Spain,Cereal,Online,H,3/20/2014,101013982,5/3/2014,1137,205.7,117.11,233880.9,133154.07,100726.83
North America,Canada,Clothes,Offline,C,7/19/2015,915025794,8/6/2015,5321,109.28,35.84,581478.88,190704.64,390774.24
Asia,Sri Lanka,Meat,Offline,C,9/7/2011,670353829,9/10/2011,1450,421.89,364.69,611740.5,528800.5,82940
Europe,Moldova ,Office Supplies,Offline,H,9/24/2012,713921916,9/26/2012,4215,651.21,524.96,2744850.15,2212706.4,532143.75
Central America and the Caribbean,Dominican Republic,Vegetables,Offline,L,9/18/2014,212966382,10/14/2014,340,154.06,90.93,52380.4,30916.2,21464.2
Asia,Malaysia,Fruits,Online,H,12/8/2010,205036056,1/5/2011,3580,9.33,6.92,33401.4,24773.6,8627.8
Middle East and North Africa,Syria,Household,Offline,L,11/29/2010,447992265,12/23/2010,9721,668.27,502.54,6496252.67,4885191.34,1611061.33
Sub-Saharan Africa,South Africa,Meat,Offline,M,11/10/2013,770008838,11/26/2013,1581,421.89,364.69,667008.09,576574.89,90433.2
Central America and the Caribbean,Honduras,Cosmetics,Online,C,6/29/2012,619572103,7/22/2012,4008,437.2,263.33,1752297.6,1055426.64,696870.96
Europe,Ukraine,Fruits,Online,L,12/13/2011,415480887,1/31/2012,8882,9.33,6.92,82869.06,61463.44,21405.62
Europe,Ukraine,Cereal,Offline,L,11/7/2010,196846520,11/18/2010,115,205.7,117.11,23655.5,13467.65,10187.85
Australia and Oceania,Fiji,Cosmetics,Online,C,9/7/2012,973092830,9/25/2012,8647,437.2,263.33,3780468.4,2277014.51,1503453.89
Australia and Oceania,Tonga,Household,Online,L,6/1/2014,673956143,7/12/2014,7454,668.27,502.54,4981284.58,3745933.16,1235351.42
Europe,Armenia,Beverages,Online,H,4/20/2010,899485290,5/25/2010,6541,47.45,31.79,310370.45,207938.39,102432.06
Europe,Czech Republic,Snacks,Online,L,10/17/2010,170041596,11/9/2010,7942,152.58,97.44,1211790.36,773868.48,437921.88
Asia,Bhutan,Household,Offline,M,1/25/2016,676298892,2/10/2016,726,668.27,502.54,485164.02,364844.04,120319.98
Asia,Nepal,Fruits,Offline,C,3/14/2012,629243505,4/20/2012,5991,9.33,6.92,55896.03,41457.72,14438.31
Sub-Saharan Africa,Guinea,Meat,Offline,H,11/8/2012,110174262,12/24/2012,1867,421.89,364.69,787668.63,680876.23,106792.4
Asia,Myanmar,Fruits,Offline,C,1/10/2010,620702493,1/29/2010,8516,9.33,6.92,79454.28,58930.72,20523.56
Europe,Sweden,Fruits,Online,M,9/21/2015,132752025,10/9/2015,3129,9.33,6.92,29193.57,21652.68,7540.89
Europe,Greece,Baby Food,Offline,C,9/15/2012,738559186,10/5/2012,4930,255.28,159.42,1258530.4,785940.6,472589.8
Europe,Italy,Fruits,Offline,H,4/30/2011,100672805,6/9/2011,175,9.33,6.92,1632.75,1211,421.75
